3140 5266
1534 138 1536 176 l

1535 177 1538 226 l

779 353 988 418 -22-
1540 366 1545 447 l

316 543 549 628 Aristophanes
582 563 640 608 nos
673 565 735 608 non
770 542 922 609 edoceret
956 549 1055 624 atque
1089 542 1115 608 si
1149 542 1232 608 haec
1267 541 1409 608 Suidae
1448 547 1482 604 et
1546 588 1548 610 .

316 647 423 714 Photii
449 647 631 714 testimonia
661 668 724 712 non
753 653 927 732 exstarent,
956 653 1065 713 tamen
1092 646 1181 712 multi
1204 645 1483 732 Babyloniorum
1548 638 1550 681 ⁴

318 771 444 834 quoque
472 751 615 818 fabulam
638 772 659 816 a
682 751 866 816 Callistrato
898 751 1027 816 doctam
1049 769 1120 818 esse
1143 770 1206 815 non
1230 749 1481 830 concederent,

319 855 405 938 quod
432 876 473 921 ex
497 855 755 920 Acharncnsibus
778 855 961 921 necessario
984 874 1184 937 consequens
1207 875 1368 922 essenos
1399 874 1485 919 oon-

318 959 485 1026 tendinrus.
516 960 647 1042 Negant
667 959 751 1024 enim
766 958 811 1023 illi
828 979 869 1024 ex
885 958 981 1025 certis
996 957 1187 1041 quibusdam
1202 957 1483 1048 Acharnensium

318 1062 398 1128 locis
419 1063 454 1127 id
477 1062 585 1146 colligi
608 1081 713 1147 posse,
738 1062 824 1145 qnod
839 1083 896 1128 nos
913 1062 1100 1145 colligimus.
1131 1063 1246 1144 Itaque
1263 1082 1483 1145 quamquam

320 1166 537 1234 Callistratum
571 1170 605 1232 nt
633 1165 886 1232 Acharnensium
920 1165 966 1230 ita
993 1164 1243 1250 Babyloniorum
1269 1164 1484 1249 magistrum

319 1269 418 1336 fuisse
451 1270 572 1352 liquide
601 1275 726 1335 constat
753 1275 851 1352 atque
879 1270 921 1335 ab
950 1269 1095 1334 omnibus
1118 1269 1315 1352 conceditur,
1353 1275 1484 1334 tamen

321 1393 393 1440 cum
417 1373 541 1440 duabus
563 1375 613 1440 his
636 1374 809 1440 comoediis
831 1395 871 1439 ea
892 1372 1037 1456 quaestio
1058 1372 1219 1456 cohaeret,
1241 1392 1307 1454 qua
1322 1371 1483 1437 virorum

322 1477 496 1562 doctorum,
532 1479 586 1560 qui
620 1479 662 1544 de
695 1478 919 1563 Aristophanis
954 1498 1025 1544 cum
1057 1477 1240 1544 Callistrato
1275 1477 1481 1543 conditione

322 1587 466 1666 egerunt,
501 1581 599 1648 animi
632 1582 771 1648 maxime
799 1582 945 1647 commoti
976 1588 1057 1648 sunt.
1102 1583 1216 1664 Neque
1244 1581 1315 1646 fieri
1343 1585 1480 1666 potest,

324 1684 399 1768 quin
422 1703 480 1750 nos
503 1705 630 1767 quoque
653 1685 686 1749 in
708 1685 792 1750 hanc
814 1706 882 1750 rem
904 1685 1089 1768 diligentius
1110 1685 1317 1768 inquiramus.

412 1788 580 1854 Traditum
610 1788 694 1854 enirn
722 1795 771 1856 cst
804 1789 836 1854 in
866 1789 995 1855 scholiis
1023 1794 1055 1855 et
1083 1789 1219 1872 legimus
1245 1789 1335 1874 apud
1357 1789 1480 1875 ipsum

324 1898 454 1976 poetam
480 1891 514 1957 in
536 1892 796 1958 Acharnensibus
818 1899 891 1976 post
913 1893 1044 1958 doctam
1063 1893 1315 1978 Babyloniorum
1338 1915 1478 1959 comoe-

325 1983 413 2062 diam
434 1996 476 2060 ob
498 1995 583 2061 hanc
606 1996 710 2081 ipsam
732 1996 876 2062 fabulam
893 1998 1011 2063 Cleone
1035 2003 1166 2063 auctore
1189 2017 1337 2063 caussam
1355 2005 1477 2064 actam

326 2117 397 2166 osse
421 2099 509 2183 apud
532 2104 713 2166 senatores:
739 2100 809 2183 quis
830 2120 903 2166 reus
919 2101 1024 2185 suerit,
1049 2101 1197 2167 dubitant
1211 2107 1320 2167 testes.
1356 2103 1477 2185 Atque

326 2223 367 2270 ne
401 2202 517 2268 nostris
551 2202 680 2285 quidem
711 2203 906 2288 temporibus
940 2204 999 2270 viri
1030 2204 1116 2270 docti
1145 2205 1356 2290 consentiunt,
1391 2227 1477 2271 cum

326 2306 662 2391 aliiAristophanem
686 2308 740 2390 qui
764 2308 962 2374 comoediam
985 2308 1148 2392 scripserit
1160 2311 1192 2393 ¹),
1221 2309 1275 2374 alii
1299 2309 1476 2376 Callistra-

326 2415 402 2492 tum,
431 2409 486 2494 qui
513 2430 586 2476 cam
616 2429 673 2476 suo
703 2411 829 2476 nomine
853 2410 997 2477 docuerit
1006 2412 1041 2495 2)‚
1070 2411 1125 2476 alii
1147 2414 1346 2495 utrumqueil
1370 2433 1476 2478 accu-

327 2519 432 2579 satum
455 2503 526 2580 esse
550 2521 712 2580 censeant.
744 2515 878 2580 Veteres
901 2517 1128 2598 grammaticos
1150 2516 1244 2582 simili
1265 2517 1361 2583 modo
1380 2518 1476 2584 inter

327 2637 362 2682 se
386 2617 574 2684 dissensisse
598 2618 748 2700 equidem
770 2638 833 2683 non
855 2618 959 2684 miror.
994 2620 1136 2686 Posteris
1158 2620 1242 2686 enim
1257 2621 1474 2707 temporibus

327 2728 363 2787 ut
389 2720 458 2788 fieri
488 2706 570 2787 solet
597 2720 630 2786 in
659 2722 838 2788 hominibus
868 2722 970 2788 minus
994 2723 1089 2790 claris
1113 2729 1145 2790 ct
1168 2724 1260 2809 notis,
1289 2725 1475 2791 Callistrati

327 2825 480 2892 memoria
503 2827 730 2910 evanescebat,
754 2833 786 2892 et
808 2827 952 2911 plerique
969 2828 1192 2913 Aristophanis
1215 2829 1406 2914 interpretes
1425 2832 1476 2896 ad

327 2937 458 3016 poetam
488 2930 592 3014 ipsum
619 2930 724 2996 omnia
750 2937 870 2998 temere
893 2933 1086 2998 referebant.
1137 2933 1203 3002 Nos
1227 2933 1365 3018 quidem,
1395 2955 1476 3000 cum

329 3033 579 3119 Babyloniorum
613 3034 812 3100 comoediam
848 3057 868 3100 a
896 3035 1079 3102 Callistrato
1114 3037 1243 3102 doctam
1277 3057 1348 3105 esse
1379 3047 1475 3106 certo

330 3143 464 3221 constet,
488 3138 520 3202 in
544 3159 640 3221 quam
662 3157 772 3203 eamus
795 3139 995 3223 senteutiam,
1020 3140 1150 3206 dubium
1173 3161 1244 3207 esse
1267 3141 1387 3224 nequit.

416 3241 483 3308 Sed
513 3241 719 3326 inspiciamus
746 3242 818 3326 ipsa
848 3243 1039 3327 testimonia,
1072 3265 1155 3326 quae
1178 3245 1222 3309 ad
1244 3266 1311 3310 rem
1333 3245 1473 3332 faciunt,

330 3367 371 3412 ne
393 3352 514 3411 temere
537 3345 681 3412 iudicare
705 3345 881 3412 videamur.
925 3347 1063 3412 Acharn.
1088 3367 1134 3413 vs.
1158 3349 1219 3414 377
1244 3368 1329 3432 sqq:

334 3525 538 3534 ‚—--.-——--

404 3624 422 3694 ¹)
450 3624 606 3679 Fritzsche.
637 3624 753 3688 Quaest.
782 3624 870 3678 Arist.
894 3624 916 3676 Ι.
945 3642 972 3692 p.
994 3625 1042 3700 361
1069 3641 1130 3694 sqq.
1170 3625 1275 3696 Bergk.
1309 3643 1357 3696 ap.
1382 3627 1473 3683 Mein.

332 3711 540 3782 saraptae
566 3717 594 3765 et
615 3711 645 3763 in
665 3709 802 3764 Zeitschr.
822 3710 841 3763 f.
861 3709 1106 3765 Ceschichtswiss.
1125 3709 1169 3765 ed.
1188 3710 1326 3766 Schmidt.
1354 3713 1412 3769 vol.
1432 3713 1473 3768 II.

332 3819 361 3870 p.
379 3796 525 3854 aus-211.
564 3799 698 3852 Dindorf.
731 3803 808 3869 poet.
832 3813 927 3851 scaen.
950 3814 978 3866 p.
996 3797 1038 3850 27.
1078 3795 1113 3850 A.
1132 3797 1242 3851 Miiller.
1275 3798 1319 3852 ed.
1342 3798 1473 3855 Acharn.

334 3885 468 3942 Hannov.
497 3886 570 3941 1863.
608 3904 636 3954 ρ.
663 3885 746 3938 XIII.
797 3884 843 3938 W.
870 3883 1010 3938 Ribbeck.
1054 3884 1098 3938 ed.
1128 3882 1254 3938 Acharn.
1283 3885 1362 3955 Lips.
1395 3889 1472 3943 1864.

333 3990 361 4042 p.
379 3973 438 4026 216.

403 4061 425 4128 2)
445 4059 476 4115 C.
493 4061 539 4114 Fr.
552 4060 707 4114 Hermann.
737 4057 869 4112 Prooem.
888 4057 988 4112 aestiv.
1007 4056 1152 4126 Marburg.
1172 4057 1246 4112 1835.
1282 4057 1394 4111 Ranke.
1419 4061 1471 4114 vit.

334 4149 423 4203 Arist.
450 4164 496 4215 ap.
520 4147 606 4200 Mein.
629 4164 657 4214 p.
675 4144 754 4199 XVI.
794 4144 826 4198 Ε.
849 4144 998 4197 Peterson.
1033 4143 1174 4196 Fleckeis.
1198 4143 1273 4196 Anu.
1294 4144 1337 4198 85.
1364 4162 1393 4214 p.
1412 4147 1472 4202 655.

336 4233 449 4288 Teuffel
472 4234 502 4286 in
524 4233 558 4286 R.
576 4232 609 4285 E.
640 4232 684 4285 ed.
702 4229 805 4299 Pauly.
838 4247 860 4281 a.
879 4247 906 4284 v.
925 4227 1013 4282 Arist.
1053 4227 1264 4284 Mtiller-Striib.
1290 4229 1378 4284 Arist.
1397 4249 1425 4284 u.
1444 4234 1471 4287 d.

336 4321 403 4374 hist.
421 4320 496 4374 Krit.
515 4337 543 4388 p.
562 4319 621 4372 607.
655 4317 688 4372 E.
705 4317 812 4386 Meyer.
836 4315 881 4369 De
900 4314 988 4369 Arist.
1006 4314 1066 4370 fab.
1085 4316 1224 4370 commiss.
1246 4316 1341 4371 Berol.
1361 4319 1437 4372 1863.

405 4405 428 4473 ³)
453 4405 505 4460 Od.
524 4405 635 4460 Miiller.
664 4405 730 4458 hist.
753 4403 808 4457 litt.
834 4403 936 4458 Graec.
955 4401 992 4455 II.
1016 4421 1045 4472 p.
1064 4401 1123 4456 219.
1159 4403 1254 4458 Kook.
1277 4403 1419 4458 DePhi1.
1441 4412 1471 4460 51

338 4492 409 4552 Call.
445 4493 482 4547 H.
501 4492 653 4549 Schrader.
678 4491 782 4548 Philol.
801 4490 858 4546 vol.
876 4491 919 4545 36.
942 4508 970 4560 p.
988 4489 1038 4544 385
1056 4506 1119 4559 sqq.
