3140 5266
581 412 788 474 „11-

117 598 160 660 ori
191 599 252 682 γὰρ
282 597 324 661 δι’
353 597 471 664 ἑαυτοῦ
497 599 531 676 ἒξ
558 601 657 683 ἀρχῆς
684 603 807 685 καθῆκε
829 601 870 662 τὰ
892 600 1043 685 δράματα
1066 601 1083 662 ὁ
1106 600 1253 684 ποιητής,

112 700 254 785 εὐλαβὴς
269 703 326 777 ὤν,
350 741 392 751 -
414 709 447 767 et
468 702 612 768 similiter
626 702 659 766 in
674 702 764 768 vita:
788 702 923 789 εὐλαβὴς
947 703 982 766 δὲ
1005 703 1136 788 σφόδρα
1158 704 1252 783 γενό-

113 827 215 888 μενος
247 807 304 889 τὴν
337 806 440 894 ἀρχὴν
472 806 578 880 ἄλλως
611 830 644 869 ιε
676 806 730 868 καὶ
757 807 879 891 εὐφυὴς
908 807 948 869 τὰ
975 807 1034 890 μὲν
1061 811 1175 894 πρῶτα
1198 807 1254 870 διὰ

113 908 359 995 Καλλιστράτου
382 909 435 972 καὶ
463 909 647 975 Φιλωνίδου
670 913 780 972 καθίει
804 909 962 996 δράματα.

205 1014 289 1091 Quin
311 1014 555 1100 Aristophanes,
588 1035 660 1081 oum
682 1015 898 1081 Daetalenses
926 1015 1089 1099 scriberet,
1119 1015 1256 1100 peradu-

114 1117 313 1184 lescentulus
341 1118 447 1202 luerit,
483 1118 623 1185 dubitari
650 1139 713 1183 non
740 1125 860 1203 potest,
896 1119 936 1184 cf.
969 1119 1066 1184 schol.
1098 1119 1142 1184 ad
1172 1120 1253 1184 Rau.

113 1240 163 1286 vs
181 1222 241 1286 501
266 1222 334 1287 tim:
360 1221 478 1303 σχεδὸν
500 1222 561 1309 γὰρ
583 1225 785 1309 μειρακίσκος
810 1223 869 1308 ἤδη
891 1225 1009 1309 ἥπτετο
1033 1228 1097 1286 τῶν
1119 1222 1255 1303 ἀγώνων

113 1329 174 1407 (sc.
195 1324 454 1410 Ἀριστοφάνης).
499 1327 612 1408 Neque
636 1326 733 1409 igitm
756 1331 813 1410 est,
838 1347 894 1392 our
915 1326 965 1390 his
988 1326 1110 1391 caussis
1126 1327 1168 1391 ab
1184 1326 1254 1410 ipso

113 1436 216 1513 poeta
239 1434 272 1495 et
293 1419 324 1494 a*
337 1429 556 1512 grammaticis
571 1429 705 1514 prolatis
719 1430 815 1495 fidem
830 1451 893 1495 non
908 1430 1095 1495 habeamus.
1127 1429 1255 1495 Archon

114 1534 248 1617 quidem
270 1534 382 1600 fabula
404 1535 549 1618 perleota
572 1540 605 1599 et
628 1535 838 1619 comprobata
860 1534 947 1599 haud
970 1533 1036 1600 scio
1060 1555 1102 1600 an
1126 1535 1255 1600 eborum

28 1693 36 1706 .
114 1637 216 1704 etiam
243 1637 486 1704 adulescentulo
514 1638 722 1722 concesserit3
751 1639 810 1704 sed
837 1637 914 1721 quid
942 1639 1114 1722 profuisset
1135 1638 1255 1703 Aristo-

114 1741 227 1826 phani,
250 1741 278 1806 si
297 1761 401 1807 rerum
417 1741 637 1808 scaenioarum
652 1741 817 1825 imperitus
832 1742 977 1807 fabulam
991 1742 1074 1808 bene
1090 1742 1255 1808 instituere

114 1845 329 1912 nescivisset?
367 1845 481 1913 Nonne
503 1845 681 1930 periculum
704 1852 784 1929 erat,
813 1866 863 1930 ne,
893 1846 1039 1929 quamvis
1061 1847 1148 1912 bella
1171 1852 1257 1911 esset

116 1950 302 2034 comoedia,
337 1948 561 2016 exsibilaretur
595 1955 628 2015 et
662 1950 890 2035 exploderetur
927 1955 1058 2035 propter
1095 1950 1255 2015 inscitiam

115 2056 234 2120 suam?
267 2055 339 2119 Hue
368 2053 506 2136 accedit,
535 2052 620 2136 quod
649 2053 766 2120 civium
789 2074 916 2119 suorum
939 2053 1062 2119 animos
1084 2054 1255 2120 mutabiles

116 2177 190 2224 esse
213 2158 265 2223 vel
287 2157 425 2222 maxime
448 2156 536 2222 baud
557 2157 739 2241 ignorabat,
764 2179 863 2241 quare
880 2157 1123 2223 Daetalensium
1143 2158 1255 2223 sabula

115 2263 237 2348 populo
260 2262 398 2346 probata
420 2261 588 2345 pretioque
609 2260 750 2326 seeundo
767 2263 913 2344 ornata1)
936 2279 999 2326 non
1014 2261 1135 2326 tumide
1152 2262 1255 2326 elatus

115 2366 261 2452 protinus
287 2387 306 2431 e
333 2364 474 2431 tenebris
503 2363 631 2450 prodiit,
666 2365 733 2449 sed,
768 2364 795 2430 si
824 2367 935 2430 Musae
965 2385 1042 2430 suae
1072 2371 1256 2430 constanter

114 2471 318 2557 plauderent,
345 2470 378 2534 in
401 2470 526 2535 occulto
549 2476 739 2554 exspectare
763 2470 792 2535 ei
816 2470 1013 2554 propositum
1037 2476 1115 2534 erat.
1162 2469 1256 2547 Quod

116 2595 190 2641 cum
219 2593 407 2659 persuasum
435 2574 570 2639 haberet
598 2580 631 2639 et
657 2573 752 2638 amici
779 2573 910 2656 notique
940 2613 977 2621 -
1010 2595 1085 2639 nam
1113 2573 1174 2639 nisi
1196 2575 1255 2640 hos

114 2681 220 2745 nullos
243 2697 314 2744 esse
338 2677 483 2752 πολλοὺς
506 2679 594 2763 αὐτῷ
617 2677 826 2761 προσιόντας,
850 2677 930 2759 Equ.
955 2697 1001 2742 vs.
1018 2678 1092 2762 512,
1115 2679 1197 2762 luce,
1221 2685 1257 2743 ut

115 2783 240 2868 opinor,
265 2783 381 2848 clarius
405 2788 453 2848 est
468 2803 511 2832 ·-
527 2782 733 2847 vebementer
748 2788 910 2864 rogarent,
934 2802 975 2847 ne
993 2781 1111 2848 diutius
1126 2782 1256 2848 laudem

114 2887 281 2973 publicam
305 2886 397 2969 quasi
424 2885 601 2951 fastidiret:
626 2891 692 2950 tum
716 2885 853 2967 denique
877 2886 946 2970 ipse
970 2886 1100 2951 chorum
1123 2907 1179 2952 suo
1202 2908 1257 2951 no-

113 2992 202 3057 mine
230 2997 341 3076 petere
370 2991 552 3076 populoque
580 3009 691 3054 verum
713 2995 843 3073 poetam
866 3009 901 3055 se
924 2990 1094 3056 ostendere
1118 2991 1256 3055 animum

115 3095 252 3162 induxit.

204 3198 303 3282 Atqui
330 3203 445 3283 postea
473 3217 599 3280 quoque
628 3196 813 3262 Callistrato
841 3203 874 3263 et
896 3197 1056 3262 Philonidi
1079 3198 1255 3264 identidem

114 3304 247 3371 fabulas
270 3300 434 3368 docendas
455 3301 554 3367 dedit.
586 3300 695 3378 Quid?
723 3301 831 3366 Etiam
853 3308 920 3366 tum
935 3301 1110 3386 imperitior
1125 3302 1185 3367 fuit
1200 3310 1257 3367 aut

115 3407 210 3474 annis
239 3406 392 3472 inferior?
435 3406 510 3470 Alia
543 3405 697 3471 videlicet
728 3425 844 3470 caussa
878 3405 1025 3489 accessit,
1061 3425 1125 3487 qua
1152 3411 1255 3469 motus

114 3514 204 3579 hanc
225 3513 425 3597 potissimum
447 3511 575 3576 fabulas
600 3510 818 3576 committendi
841 3511 997 3576 rationem
1020 3509 1099 3575 iniit.

204 3617 451 3703 Aristophanem
484 3621 577 3700 patre
610 3635 674 3680 non
702 3614 798 3698 inope
828 3614 906 3680 satis
932 3614 1031 3679 nobili
1057 3615 1128 3680 loeo
1152 3618 1254 3679 ortum

116 3743 190 3790 esse
213 3722 268 3786 diu
290 3722 485 3803 multumque
508 3720 542 3785 in
563 3719 663 3805 ipsius
685 3725 801 3784 natura
824 3718 1005 3801 fabulisque
1026 3718 1254 3803 pernoscendis

115 3833 264 3894 versatus
283 3824 360 3891 mibi
375 3825 529 3910 persuasi.
565 3823 683 3890 Similis
699 3829 748 3889 est
763 3823 883 3888 Ranlrii
898 3823 1057 3888 sententia
1074 3823 1118 3905 (in
1134 3823 1254 3890 Comm.

116 3933 159 3998 de
182 3931 277 3996 Arist.
302 3929 425 3995 vitain
448 3928 523 3994 edit.
547 3927 587 3994 B.
611 3927 801 4011 Tbiersehii,
826 3927 867 3992 ef.
892 3949 944 4011 ap.
961 3927 1056 3992 Mein.
1073 3948 1149 4010 pag.
1166 3929 1252 4012 XII),

117 4035 173 4120 qui
190 4035 232 4100 de
243 4033 431 4119 parentibus
444 4039 562 4118 poetae
574 4032 673 4098 haee:
693 4032 755 4119 ,At
766 4031 793 4096 si
804 4031 837 4095 in
849 4031 908 4116 his,
921 4030 1032 4115 inquit,
1050 4031 1254 4097 coniecturae

116 4145 167 4206 est
189 4140 287 4223 locus,
316 4159 412 4221 quum
433 4136 532 4201 tilium
553 4135 712 4202 hominem
735 4157 811 4201 vere
835 4135 984 4201 eximium
1006 4135 1254 4201 Atheniensibus

117 4242 337 4327 educaverint,
372 4241 435 4324 qui,
469 4241 525 4306 ubi
558 4240 693 4325 primum
726 4239 759 4304 in
791 4240 870 4305 urbe
902 4239 1010 4324 patria
1040 4239 1111 4328 eius
1138 4259 1254 4306 nomen

188 4467 208 4538 ¹)
233 4466 328 4523 Schol.
352 4467 389 4520 ad
411 4465 486 4522 Nub.
508 4484 550 4522 vs.
573 4467 636 4521 529:
667 4468 692 4519 ol
712 4466 763 4540 γὰρ
789 4466 839 4535 (sc.
867 4465 1011 4532 Δαιταλῆς)
1035 4465 1169 4530 ἐνίκησαν,
1196 4466 1253 4520 ἐπεὶ

115 4556 238 4632 δεύτερος
255 4555 347 4627 ἐκρίθη
366 4553 395 4607 ἐν
412 4552 451 4623 τῷ
469 4551 598 4624 δράματι.
