3140 5266
798 365 1011 429 ..36-

342 551 428 634 quod
455 551 496 616 de
526 549 700 616 Schraderi
731 549 879 635 opinione
903 550 1053 616 iudicavi.
1099 549 1346 634 Aristophanem
1369 555 1485 615 autem

341 654 445 738 ipsum
476 653 694 739 coryphaeum
724 653 821 719 luisse
849 675 1021 737 numquam
1044 654 1184 738 credam,
1214 653 1290 736 quia
1312 675 1386 718 mea
1409 673 1485 718 sen·

340 757 451 841 tentia,
476 757 562 840 quod
584 757 714 841 saepius
737 757 814 840 dixi,
838 758 903 822 tale
927 757 1051 840 aliquid
1065 779 1087 823 a
1101 763 1219 841 poetae
1235 756 1364 840 ingenio
1380 757 1485 839 longe

340 863 464 928 aberat.
509 861 597 928 Nihil
630 882 706 928 vero
740 861 772 926 in
806 881 1013 945 personarum
1047 861 1119 928 vice
1148 861 1376 928 offendendum
1407 880 1484 926 esse

340 966 435 1032 Pacis
457 965 611 1050 parabasi
633 966 787 1050 probatur
809 971 842 1030 et
857 964 1069 1050 confirmatur,
1093 965 1126 1030 in
1142 986 1206 1048 qua
1221 964 1358 1031 eandem
1373 963 1486 1030 vicem

341 1070 497 1136 cernimus
528 1069 581 1152 (cf.
606 1089 651 1135 vs.
678 1070 762 1154 754),
793 1089 987 1152 quamquam
1014 1069 1122 1134 omnia
1151 1069 1192 1134 de
1220 1068 1334 1135 eodem
1356 1066 1485 1132 Aristo-

237 1185 241 1194 '
339 1174 446 1258 phane
473 1173 657 1240 recitantur.
709 1173 857 1240 Ceterum
886 1173 1087 1258 coryphaeos
1115 1172 1218 1257 prima
1246 1191 1386 1256 persona
1415 1191 1483 1236 non

339 1299 412 1344 raro
435 1298 509 1344 usos
532 1298 612 1362 esse,
644 1277 736 1361 quasi
758 1276 820 1362 ipsi
843 1283 960 1362 poetae
983 1284 1101 1361 essent,
1132 1283 1302 1362 praeterea
1326 1276 1484 1342 docemm·

340 1382 480 1450 Nubium
510 1381 664 1466 parabasi
688 1386 746 1464 (vs.
770 1383 834 1447 518
857 1384 940 1465 sqq.)
971 1388 1004 1448 et
1026 1382 1205 1466 Vesperum
1228 1399 1274 1445 vs.
1300 1379 1384 1446 1284
1408 1399 1482 1462 sqq.

340 1493 373 1552 et
395 1485 584 1570 fragmentis
607 1506 670 1550 non
693 1485 795 1550 nullia
971 1515 978 1524 ·

425 1591 540 1672 Itaque
569 1609 641 1654 omn
669 1588 710 1654 de
732 1588 947 1673 Aristophane
970 1609 1127 1671 nusquam
1150 1587 1358 1672 cogitandum
1380 1587 1423 1651 sit
1447 1587 1482 1652 in

339 1691 591 1760 Acharnensium
621 1691 785 1776 parabasi,
813 1691 871 1758 sed
898 1692 1014 1776 omnia,
1042 1691 1215 1775 quodiam
1238 1690 1316 1758 satis
1339 1697 1480 1774 constat,

340 1797 384 1864 ad
407 1796 624 1864 Callistratum
646 1801 803 1880 spectent,
826 1795 1074 1880 Aristophanem
1096 1817 1117 1862 a
1140 1795 1258 1862 Cleone
1281 1801 1354 1879 post
1369 1795 1481 1880 Baby·

340 1901 441 1966 lonios
478 1899 718 1984 peregrinitatis
759 1905 946 1964 accusatum
985 1919 1056 1966 esse
1093 1899 1289 1982 argumentis
1323 1919 1364 1964 ex
1398 1898 1482 1982 ipsis

338 2004 597 2070 Acharnensibns
620 2002 729 2087 petitis
752 2003 882 2086 probari
904 2024 967 2068 non
990 2009 1105 2088 potest.
1136 2004 1273 2070 Restant
1294 2002 1393 2086 igitur
1407 2003 1481 2068 sola

339 2115 482 2174 veterum
503 2107 695 2191 testimonia,
719 2127 803 2190 quae
826 2106 957 2172 tandem
979 2107 1056 2172 licet
1077 2107 1149 2192 ipsa
1172 2106 1324 2192 prolerre.
1368 2106 1480 2188 Atque

338 2212 473 2296 primunr
508 2211 607 2277 schol.
642 2210 686 2276 ad
719 2210 858 2276 Acharn.
893 2231 939 2276 vs.
968 2211 1042 2294 378,
1079 2216 1250 2295 postquam
1284 2209 1325 2276 de
1360 2229 1481 2276 caussa

337 2321 469 2400 propter
490 2313 687 2399 Babylonios
710 2313 833 2380 intenta
857 2320 889 2380 et
912 2314 953 2380 de
969 2314 1097 2381 Cleonis
1119 2314 1168 2380 ira
1188 2313 1345 2399 exposuit,
1369 2313 1481 2398 pergit

337 2419 386 2484 his
409 2418 530 2484 verbis:
559 2418 612 2480 καὶ
628 2421 733 2495 ξενίας
757 2417 792 2480 δὲ
815 2418 916 2482 αὐτὸν
936 2416 1105 2505 ἐγράψατο
1128 2418 1181 2482 καὶ
1202 2420 1248 2492 εἰς
1270 2418 1383 2498 όγόνα
1405 2416 1478 2482 ἐνέ-

336 2521 444 2604 βαλεν.
475 2523 557 2587 Tum
580 2521 613 2586 in
635 2521 698 2586 Vit.
715 2521 810 2588 Arist.
835 2522 918 2588 haec
940 2521 1090 2605 legimus:
1115 2521 1310 2608 διηχθρευσε
1333 2520 1369 2584 δὲ
1388 2521 1480 2607 αὐτῷ

338 2625 620 2711 όἎριστοφάνης,
644 2623 758 2709 ἐπειδὴ
781 2608 887 2702 ξενίας
909 2627 979 2688 κατ’
1002 2627 1104 2692 αὐτοῦ
1126 2626 1255 2711 γραφην
1277 2627 1386 2701 ἔθετο,
1412 2626 1480 2710 [καί

337 2728 457 2795 delevit
485 2729 616 2813 Bergk]
653 2730 702 2791 ότι
735 2728 770 2792 ἓν
800 2728 941 2815 δράματι
971 2730 1073 2795 αότοῦ
1095 2729 1319 2812 Βαβυλωνίοις
1348 2729 1479 2812 διέβαλε

337 2835 402 2895 τῶν
426 2831 615 2914 Ἀθηναίων
648 2831 705 2905 τὰς
738 2831 900 2917 κληρωτὰς
934 2833 1036 2918 ἀρχὰς
1064 2832 1238 2919 παρόντων
1271 2836 1381 2910 ξένων.
1432 2832 1479 2907 uic

337 2939 430 3013 ξένον
453 2934 490 2997 δὲ
512 2935 612 2999 αὐτὸν
635 2934 720 3015 ἔλεγε
735 2935 885 3020 παρόσον
900 2932 931 2999 οἷ
946 2935 1005 3018 μὲν
1019 2935 1120 3001 αὐτόν
1135 2953 1237 3022 φασιν
1250 2938 1333 3008 εἶναι
1347 2935 1479 3002 Ῥόδιον

337 3040 407 3102 ἀπὸ
430 3037 569 3117 Λίνδου,
599 3034 630 3101 οἳ
660 3037 695 3100 δὲ
718 3040 904 3124 Αἰγινήτην,
929 3039 1161 3122 στοχαζόμενοι
1183 3039 1217 3102 ἐκ
1240 3044 1299 3112 τοῦ
1321 3039 1478 3106 πλεῖστον

337 3142 458 3228 χρόνον
487 3142 544 3216 τὰς
573 3141 740 3230 διατριβὰς
769 3145 940 3206 ποιεῖσθαι
967 3143 1103 3219 αὐτόθι,
1134 3147 1154 3229 ἢ
1180 3143 1234 3206 καὶ
1258 3145 1306 3206 ότι
1328 3141 1476 3229 ἐκέκτητο

336 3247 443 3316 ἐκεῖσε.
494 3246 578 3308 κατὰ
611 3246 700 3320 τινὰς
734 3245 783 3322 es,
819 3246 862 3321 og
896 3248 944 3310 ότι
979 3246 997 3310 ό
1031 3247 1136 3334 πατὴρ
1171 3247 1273 3310 αὐτοῦ
1304 3246 1477 3322 Φίλιππος

338 3349 516 3435 Αἰγινήτης.
568 3349 781 3434 ἀπολυθῆναι
816 3349 852 3412 δὲ
887 3351 990 3415 αὐτόν
1022 3350 1159 3416 εἰπόντα
1192 3351 1324 3425 ἀστείως
1353 3350 1387 3413 ἕν
1417 3355 1478 3416 τοῦ

335 3452 475 3539 Όμηρον
498 3455 621 3516 ταῦτα·

437 3554 536 3642 μήτηρ
558 3559 617 3639 μέν
639 3559 673 3619 τέ
693 3559 734 3639 μέ
756 3573 835 3642 φησι
857 3561 917 3621 τοῦ
938 3558 1083 3640 ἔμμεναι,
1107 3557 1209 3644 αὐτὰρ
1233 3558 1331 3638 ἔγωγε

330 3657 333 3664 ’
437 3661 496 3724 οὐκ
519 3659 598 3723 οἶδ’·
623 3661 661 3723 οὐ
684 3659 746 3745 γάρ
770 3660 823 3723 πω’
846 3683 893 3734 τις
914 3659 969 3726 ἑόν
990 3661 1090 3742 γόνον
1111 3661 1209 3736 αὐτὸς
1231 3661 1365 3741 ἀνέγνω.

338 3763 489 3849 δεύτερον
523 3762 559 3825 δὲ
591 3764 644 3825 καὶ
678 3767 785 3848 τρίτον
815 3766 1075 3849 συκοφαντηθεὶς
1090 3766 1268 3850 ἀ’πέφαγε,
1304 3766 1357 3828 καὶ
1389 3769 1475 3831 οὕτω

338 3867 476 3954 φανερός
499 3867 717 3941 κατασταθεὶς
740 3866 875 3952 πολίτης
898 3868 1108 3954 κατεκράτησε
1130 3871 1189 3933 cori
1204 3869 1360 3944 Κλέωνος.
1393 3873 1476 3935 ὅθεν

337 3974 455 4055 φησίν·
545 3965 548 3972 Α

492 4073 590 4147 αὐτὸς
613 4072 644 4136 δ’
666 4073 806 4156 ἐμαυτόν
828 4073 896 4138 ὑπὸ
919 4073 1065 4149 Κλέωνος
1092 4076 1160 4138 ἅττ’
1183 4077 1317 4141 ἔπαθον
1368 4072 1379 4088 ’

361 4233 364 4238 .
490 4175 667 4258 ἐπίσταμαι
693 4176 732 4263 (λη’
755 4177 808 4240 καὶ
831 4177 872 4241 τὰ
893 4175 974 4262 ἑξῆς.
1211 4253 1214 4264 ¹

336 4280 380 4346 Ut
406 4279 645 4364 peregrinitatis
673 4301 789 4346 caussa
816 4288 888 4366 post
918 4281 1115 4366 Babylonios
1146 4289 1220 4348 acta
1247 4282 1297 4367 sit,
1329 4283 1363 4348 id
1387 4285 1475 4368 quod

337 4383 499 4450 Schrader
521 4382 695 4468 contendit,
719 4403 823 4467 neque
847 4401 865 4450 e
888 4384 1010 4450 scholio
1033 4406 1138 4468 neque
1161 4385 1270 4451 eVita
1293 4391 1383 4453 certo
1401 4409 1474 4454 con-

337 4508 473 4570 sequens
497 4493 554 4553 est.
585 4487 669 4554 Nam
691 4485 888 4573 scholiastes,
913 4488 1063 4572 quoniam
1085 4489 1117 4556 in
1134 4490 1328 4574 explicanda
1344 4492 1474 4560 Cleonis
