<?xml version="1.0" encoding="UTF-8"?>
<!DOCTYPE html PUBLIC "-//W3C//DTD XHTML 1.0 Transitional//EN"
    "http://www.w3.org/TR/xhtml1/DTD/xhtml1-transitional.dtd">
<html xmlns="http://www.w3.org/1999/xhtml" xml:lang="en" lang="en">
 <head>
  <title>
</title>
<meta http-equiv="Content-Type" content="text/html;charset=utf-8" />
  <meta name='ocr-system' content='tesseract 3.04.00' />
  <meta name='ocr-capabilities' content='ocr_page ocr_carea ocr_par ocr_line ocrx_word'/>
</head>
<body>
  <div class='ocr_page' id='page_1' title='image "./decallistratoet00briegoog_0041.png"; bbox 0 0 3140 5266; ppageno 0'>
   <div class='ocr_carea' id='block_1_1' title="bbox 797 395 1011 460">
    <p class='ocr_par' dir='ltr' id='par_1_1' title="bbox 797 395 1011 460">
     <span class='ocr_line' id='line_1_1' title="bbox 797 395 1011 460; baseline -0.009 -16"><span class='ocrx_word' id='word_1_1' title='bbox 797 395 1011 460; x_wconf 74' lang='lat'>..30-</span> 
     </span>
    </p>
   </div>
   <div class='ocr_carea' id='block_1_2' title="bbox 330 582 1492 2312">
    <p class='ocr_par' dir='ltr' id='par_1_2' title="bbox 330 582 1492 2312">
     <span class='ocr_line' id='line_1_2' title="bbox 422 582 1492 668; baseline 0.001 -22"><span class='ocrx_word' id='word_1_2' title='bbox 422 582 511 648; x_wconf 92' lang='lat' dir='ltr'><strong>Alios</strong></span> <span class='ocrx_word' id='word_1_3' title='bbox 534 583 648 648; x_wconf 89' lang='lat' dir='ltr'><strong>multos</strong></span> <span class='ocrx_word' id='word_1_4' title='bbox 671 589 779 652; x_wconf 87' lang='lat' dir='ltr'><strong>tamen</strong></span> <span class='ocrx_word' id='word_1_5' title='bbox 802 583 842 650; x_wconf 86' lang='lat' dir='ltr'><strong>de</strong></span> <span class='ocrx_word' id='word_1_6' title='bbox 858 583 1073 668; x_wconf 73' lang='lat' dir='ltr'><strong>Aristophane</strong></span> <span class='ocrx_word' id='word_1_7' title='bbox 1098 585 1259 668; x_wconf 88' lang='lat' dir='ltr'><strong>cogitasse</strong></span> <span class='ocrx_word' id='word_1_8' title='bbox 1281 585 1390 668; x_wconf 88' lang='lat' dir='ltr'><strong>negari</strong></span> <span class='ocrx_word' id='word_1_9' title='bbox 1407 603 1492 648; x_wconf 90' lang='lat' dir='ltr'><strong>non</strong></span> 
     </span>
     <span class='ocr_line' id='line_1_3' title="bbox 336 687 1490 774; baseline 0.002 -23"><span class='ocrx_word' id='word_1_10' title='bbox 336 692 452 770; x_wconf 89' lang='lat' dir='ltr'><strong>potest,</strong></span> <span class='ocrx_word' id='word_1_11' title='bbox 476 707 580 770; x_wconf 90' lang='lat' dir='ltr'><strong>neque</strong></span> <span class='ocrx_word' id='word_1_12' title='bbox 603 707 679 753; x_wconf 87' lang='lat' dir='ltr'><strong>vero</strong></span> <span class='ocrx_word' id='word_1_13' title='bbox 703 709 765 772; x_wconf 91' lang='lat' dir='ltr'><strong>ego</strong></span> <span class='ocrx_word' id='word_1_14' title='bbox 788 687 822 754; x_wconf 94' lang='lat' dir='ltr'><strong>id</strong></span> <span class='ocrx_word' id='word_1_15' title='bbox 844 688 947 754; x_wconf 90' lang='lat' dir='ltr'><strong>miror.</strong></span> <span class='ocrx_word' id='word_1_16' title='bbox 994 690 1135 755; x_wconf 83' lang='lat' dir='ltr'>Posteris</span> <span class='ocrx_word' id='word_1_17' title='bbox 1159 691 1241 756; x_wconf 90' lang='lat' dir='ltr'><strong>enim</strong></span> <span class='ocrx_word' id='word_1_18' title='bbox 1265 689 1490 774; x_wconf 83' lang='lat' dir='ltr'><strong>temporibus,</strong></span> 
     </span>
     <span class='ocr_line' id='line_1_4' title="bbox 338 789 1492 876; baseline 0.002 -22"><span class='ocrx_word' id='word_1_19' title='bbox 338 790 423 871; x_wconf 91' lang='lat' dir='ltr'><strong>quod</strong></span> <span class='ocrx_word' id='word_1_20' title='bbox 450 789 516 855; x_wconf 90' lang='lat' dir='ltr'><strong>iam</strong></span> <span class='ocrx_word' id='word_1_21' title='bbox 537 792 636 856; x_wconf 90' lang='lat' dir='ltr'><strong>semel</strong></span> <span class='ocrx_word' id='word_1_22' title='bbox 657 792 774 876; x_wconf 83' lang='lat' dir='ltr'><strong>monui,</strong></span> <span class='ocrx_word' id='word_1_23' title='bbox 807 791 982 858; x_wconf 89' lang='lat' dir='ltr'><strong>Callistrati</strong></span> <span class='ocrx_word' id='word_1_24' title='bbox 1004 794 1157 859; x_wconf 91' lang='lat' dir='ltr'><strong>memoria</strong></span> <span class='ocrx_word' id='word_1_25' title='bbox 1181 794 1405 876; x_wconf 79' lang='lat' dir='ltr'>evanescebat,</span> <span class='ocrx_word' id='word_1_26' title='bbox 1449 799 1492 857; x_wconf 87' lang='lat' dir='ltr'><strong>et</strong></span> 
     </span>
     <span class='ocr_line' id='line_1_5' title="bbox 336 895 1489 982; baseline 0.001 -23"><span class='ocrx_word' id='word_1_27' title='bbox 336 895 552 979; x_wconf 89' lang='lat' dir='ltr'><strong>grammatici,</strong></span> <span class='ocrx_word' id='word_1_28' title='bbox 587 897 641 978; x_wconf 95' lang='lat' dir='ltr'><strong>qui</strong></span> <span class='ocrx_word' id='word_1_29' title='bbox 670 896 924 980; x_wconf 87' lang='lat' dir='ltr'><strong>Aristophaueas</strong></span> <span class='ocrx_word' id='word_1_30' title='bbox 955 897 1138 964; x_wconf 87' lang='lat' dir='ltr'><strong>comoedias</strong></span> <span class='ocrx_word' id='word_1_31' title='bbox 1167 897 1489 982; x_wconf 82' lang='lat' dir='ltr'><strong>interpretabantur,</strong></span> 
     </span>
     <span class='ocr_line' id='line_1_6' title="bbox 335 999 1489 1086; baseline 0 -22"><span class='ocrx_word' id='word_1_32' title='bbox 335 999 379 1064; x_wconf 89' lang='lat' dir='ltr'><strong>ad</strong></span> <span class='ocrx_word' id='word_1_33' title='bbox 394 999 641 1083; x_wconf 84' lang='lat' dir='ltr'><strong>Aristophanem</strong></span> <span class='ocrx_word' id='word_1_34' title='bbox 664 1000 770 1066; x_wconf 91' lang='lat' dir='ltr'><strong>omnia</strong></span> <span class='ocrx_word' id='word_1_35' title='bbox 785 999 978 1066; x_wconf 86' lang='lat' dir='ltr'><strong>referebant.</strong></span> <span class='ocrx_word' id='word_1_36' title='bbox 1014 1002 1107 1066; x_wconf 91' lang='lat' dir='ltr'><strong>Hanc</strong></span> <span class='ocrx_word' id='word_1_37' title='bbox 1123 1001 1305 1086; x_wconf 84' lang='lat' dir='ltr'><strong>opinionem</strong></span> <span class='ocrx_word' id='word_1_38' title='bbox 1319 1000 1352 1064; x_wconf 95' lang='lat' dir='ltr'><strong>in</strong></span> <span class='ocrx_word' id='word_1_39' title='bbox 1367 1001 1489 1065; x_wconf 87' lang='lat' dir='ltr'><strong>altera</strong></span> 
     </span>
     <span class='ocr_line' id='line_1_7' title="bbox 334 1097 1488 1189; baseline 0 -21"><span class='ocrx_word' id='word_1_40' title='bbox 334 1097 447 1168; x_wconf 78' lang='lat' dir='ltr'><strong>scholii</strong></span> <span class='ocrx_word' id='word_1_41' title='bbox 469 1111 562 1187; x_wconf 89' lang='lat' dir='ltr'><strong>parte</strong></span> <span class='ocrx_word' id='word_1_42' title='bbox 584 1104 746 1188; x_wconf 89' lang='lat' dir='ltr'><strong>proditam</strong></span> <span class='ocrx_word' id='word_1_43' title='bbox 768 1104 922 1170; x_wconf 88' lang='lat' dir='ltr'><strong>videmus.</strong></span> <span class='ocrx_word' id='word_1_44' title='bbox 967 1104 1010 1169; x_wconf 87' lang='lat' dir='ltr'><strong>Et</strong></span> <span class='ocrx_word' id='word_1_45' title='bbox 1032 1104 1160 1170; x_wconf 91' lang='lat' dir='ltr'><strong>minime</strong></span> <span class='ocrx_word' id='word_1_46' title='bbox 1183 1105 1360 1189; x_wconf 90' lang='lat' dir='ltr'><strong>perturbor,</strong></span> <span class='ocrx_word' id='word_1_47' title='bbox 1383 1104 1488 1186; x_wconf 90' lang='lat' dir='ltr'><strong>quod</strong></span> 
     </span>
     <span class='ocr_line' id='line_1_8' title="bbox 334 1207 1485 1293; baseline 0.001 -22"><span class='ocrx_word' id='word_1_48' title='bbox 334 1207 432 1272; x_wconf 93' lang='lat' dir='ltr'><strong>schol.</strong></span> <span class='ocrx_word' id='word_1_49' title='bbox 458 1208 565 1274; x_wconf 80' lang='lat' dir='ltr'><strong>Clark.</strong></span> <span class='ocrx_word' id='word_1_50' title='bbox 588 1209 670 1274; x_wconf 89' lang='lat' dir='ltr'><strong>Plat.</strong></span> <span class='ocrx_word' id='word_1_51' title='bbox 694 1210 788 1293; x_wconf 84' lang='lat' dir='ltr'><strong>Apol.</strong></span> <span class='ocrx_word' id='word_1_52' title='bbox 812 1229 888 1293; x_wconf 88' lang='lat' dir='ltr'><strong>pag.</strong></span> <span class='ocrx_word' id='word_1_53' title='bbox 907 1209 988 1274; x_wconf 81' lang='lat'><strong>190</strong></span> <span class='ocrx_word' id='word_1_54' title='bbox 1012 1209 1099 1293; x_wconf 89' lang='lat' dir='ltr'><strong>apud</strong></span> <span class='ocrx_word' id='word_1_55' title='bbox 1122 1208 1330 1293; x_wconf 82' lang='lat' dir='ltr'><strong>Theogenem</strong></span> <span class='ocrx_word' id='word_1_56' title='bbox 1351 1207 1485 1290; x_wconf 80' lang='lat' dir='ltr'><strong>legisse</strong></span> 
     </span>
     <span class='ocr_line' id='line_1_9' title="bbox 333 1310 1485 1396; baseline 0 -21"><span class='ocrx_word' id='word_1_57' title='bbox 333 1331 368 1376; x_wconf 91' lang='lat' dir='ltr'><strong>se</strong></span> <span class='ocrx_word' id='word_1_58' title='bbox 411 1311 490 1377; x_wconf 91' lang='lat' dir='ltr'><strong>dicit</strong></span> <span class='ocrx_word' id='word_1_59' title='bbox 526 1312 776 1396; x_wconf 86' lang='lat' dir='ltr'><strong>Aristophanem</strong></span> <span class='ocrx_word' id='word_1_60' title='bbox 812 1313 959 1377; x_wconf 91' lang='lat' dir='ltr'><strong>colonum</strong></span> <span class='ocrx_word' id='word_1_61' title='bbox 994 1312 1135 1377; x_wconf 88' lang='lat' dir='ltr'><strong>Atticum</strong></span> <span class='ocrx_word' id='word_1_62' title='bbox 1173 1311 1318 1395; x_wconf 83' lang='lat' dir='ltr'><strong>Aeginae</strong></span> <span class='ocrx_word' id='word_1_63' title='bbox 1356 1310 1485 1376; x_wconf 83' lang='lat' dir='ltr'><strong>fuisse:</strong></span> 
     </span>
     <span class='ocr_line' id='line_1_10' title="bbox 335 1414 1485 1502; baseline 0.003 -26"><span class='ocrx_word' id='word_1_64' title='bbox 335 1414 548 1501; x_wconf 78' lang='grc' dir='ltr'><strong><em>κατεκλήρωσε</em></strong></span> <span class='ocrx_word' id='word_1_65' title='bbox 577 1415 862 1501; x_wconf 77' lang='grc' dir='ltr'><strong><em>(κατεκληρούχησε</em></strong></span> <span class='ocrx_word' id='word_1_66' title='bbox 891 1417 1021 1500; x_wconf 72' lang='lat' dir='ltr'><strong>Bergk,</strong></span> <span class='ocrx_word' id='word_1_67' title='bbox 1057 1415 1316 1502; x_wconf 78' lang='grc' dir='ltr'><strong><em>κατεκληρώσατο</em></strong></span> <span class='ocrx_word' id='word_1_68' title='bbox 1345 1416 1485 1480; x_wconf 80' lang='lat' dir='ltr'><strong>Mullor-</strong></span> 
     </span>
     <span class='ocr_line' id='line_1_11' title="bbox 334 1518 1481 1605; baseline -0.003 -21"><span class='ocrx_word' id='word_1_69' title='bbox 334 1519 453 1600; x_wconf 77' lang='lat' dir='ltr'><strong>Snus.)</strong></span> <span class='ocrx_word' id='word_1_70' title='bbox 493 1518 529 1582; x_wconf 70' lang='lat' dir='ltr'><strong>cll</strong></span> <span class='ocrx_word' id='word_1_71' title='bbox 555 1521 608 1581; x_wconf 81' lang='grc' dir='ltr'><strong>καὶ</strong></span> <span class='ocrx_word' id='word_1_72' title='bbox 638 1520 695 1604; x_wconf 81' lang='grc' dir='ltr'><strong>τὴν</strong></span> <span class='ocrx_word' id='word_1_73' title='bbox 717 1522 871 1599; x_wconf 80' lang='grc' dir='ltr'><strong>Αἴγιναν,</strong></span> <span class='ocrx_word' id='word_1_74' title='bbox 899 1519 942 1594; x_wconf 78' lang='grc' dir='ltr'><strong>ὥς</strong></span> <span class='ocrx_word' id='word_1_75' title='bbox 969 1523 1128 1604; x_wconf 71' lang='grc' dir='ltr'><strong><em>Θεογένης</em></strong></span> <span class='ocrx_word' id='word_1_76' title='bbox 1151 1519 1250 1604; x_wconf 77' lang='grc' dir='ltr'><strong><em>φησὶν</em></strong></span> <span class='ocrx_word' id='word_1_77' title='bbox 1271 1519 1306 1584; x_wconf 74' lang='grc' dir='ltr'><strong>ἐν</strong></span> <span class='ocrx_word' id='word_1_78' title='bbox 1328 1522 1372 1605; x_wconf 79' lang='grc' dir='ltr'><strong>τῷ</strong></span> <span class='ocrx_word' id='word_1_79' title='bbox 1394 1521 1481 1604; x_wconf 84' lang='grc' dir='ltr'><strong><em>περὶ</em></strong></span> 
     </span>
     <span class='ocr_line' id='line_1_12' title="bbox 334 1617 1483 1710; baseline 0.001 -23"><span class='ocrx_word' id='word_1_80' title='bbox 334 1617 471 1708; x_wconf 73' lang='grc' dir='ltr'><strong><em>Αἰγίνης</em></strong></span> <span class='ocrx_word' id='word_1_81' title='bbox 480 1625 513 1706; x_wconf 89' lang='lat'><strong>¹).</strong></span> <span class='ocrx_word' id='word_1_82' title='bbox 558 1623 636 1700; x_wconf 77' lang='lat' dir='ltr'><strong>Quis</strong></span> <span class='ocrx_word' id='word_1_83' title='bbox 664 1645 740 1691; x_wconf 87' lang='lat' dir='ltr'><strong>vero</strong></span> <span class='ocrx_word' id='word_1_84' title='bbox 769 1625 822 1690; x_wconf 92' lang='lat' dir='ltr'><strong>hic</strong></span> <span class='ocrx_word' id='word_1_85' title='bbox 850 1624 1042 1710; x_wconf 81' lang='lat' dir='ltr'><strong>Theogenes</strong></span> <span class='ocrx_word' id='word_1_86' title='bbox 1070 1631 1126 1690; x_wconf 90' lang='lat' dir='ltr'><strong>aut</strong></span> <span class='ocrx_word' id='word_1_87' title='bbox 1156 1645 1219 1707; x_wconf 91' lang='lat' dir='ltr'><strong>qua</strong></span> <span class='ocrx_word' id='word_1_88' title='bbox 1242 1629 1352 1690; x_wconf 89' lang='lat' dir='ltr'><strong>aetate</strong></span> <span class='ocrx_word' id='word_1_89' title='bbox 1374 1623 1483 1688; x_wconf 84' lang='lat' dir='ltr'><strong>fuerit</strong></span> 
     </span>
     <span class='ocr_line' id='line_1_13' title="bbox 333 1727 1481 1811; baseline 0.001 -21"><span class='ocrx_word' id='word_1_90' title='bbox 333 1747 426 1792; x_wconf 91' lang='lat' dir='ltr'><strong>nemo</strong></span> <span class='ocrx_word' id='word_1_91' title='bbox 460 1727 534 1810; x_wconf 77' lang='lat' dir='ltr'><strong>soit3</strong></span> <span class='ocrx_word' id='word_1_92' title='bbox 568 1727 762 1793; x_wconf 86' lang='lat' dir='ltr'><strong>Fritzsohius</strong></span> <span class='ocrx_word' id='word_1_93' title='bbox 793 1728 925 1810; x_wconf 91' lang='lat' dir='ltr'><strong>quidem</strong></span> <span class='ocrx_word' id='word_1_94' title='bbox 958 1727 1118 1793; x_wconf 91' lang='lat' dir='ltr'><strong>hominem</strong></span> <span class='ocrx_word' id='word_1_95' title='bbox 1148 1727 1370 1811; x_wconf 88' lang='lat' dir='ltr'><strong>gravissimum</strong></span> <span class='ocrx_word' id='word_1_96' title='bbox 1396 1747 1481 1792; x_wconf 89' lang='lat' dir='ltr'><strong>cum</strong></span> 
     </span>
     <span class='ocr_line' id='line_1_14' title="bbox 333 1831 1480 1918; baseline 0 -22"><span class='ocrx_word' id='word_1_97' title='bbox 333 1831 431 1897; x_wconf 81' lang='lat' dir='ltr'><strong>fuisse</strong></span> <span class='ocrx_word' id='word_1_98' title='bbox 454 1831 487 1895; x_wconf 92' lang='lat' dir='ltr'><strong>in</strong></span> <span class='ocrx_word' id='word_1_99' title='bbox 511 1831 641 1908; x_wconf 78' lang='lat' dir='ltr'><strong>Quaest.</strong></span> <span class='ocrx_word' id='word_1_100' title='bbox 666 1833 761 1898; x_wconf 90' lang='lat' dir='ltr'><strong>Arist.</strong></span> <span class='ocrx_word' id='word_1_101' title='bbox 785 1839 860 1898; x_wconf 91' lang='lat' dir='ltr'><strong>tom.</strong></span> <span class='ocrx_word' id='word_1_102' title='bbox 884 1835 909 1898; x_wconf 95' lang='grc' dir='ltr'><strong>Ι.</strong></span> <span class='ocrx_word' id='word_1_103' title='bbox 933 1854 1009 1918; x_wconf 90' lang='lat' dir='ltr'><strong>pag.</strong></span> <span class='ocrx_word' id='word_1_104' title='bbox 1034 1834 1097 1898; x_wconf 88' lang='lat'><strong>313</strong></span> <span class='ocrx_word' id='word_1_105' title='bbox 1121 1839 1275 1917; x_wconf 81' lang='lat' dir='ltr'><strong>autumat,</strong></span> <span class='ocrx_word' id='word_1_106' title='bbox 1299 1831 1385 1915; x_wconf 91' lang='lat' dir='ltr'><strong>quod</strong></span> <span class='ocrx_word' id='word_1_107' title='bbox 1407 1832 1480 1916; x_wconf 91' lang='lat' dir='ltr'><strong>pri-</strong></span> 
     </span>
     <span class='ocr_line' id='line_1_15' title="bbox 331 1936 1479 2021; baseline 0.001 -22"><span class='ocrx_word' id='word_1_108' title='bbox 331 1942 409 2000; x_wconf 91' lang='lat' dir='ltr'><strong>vata</strong></span> <span class='ocrx_word' id='word_1_109' title='bbox 430 1936 517 2001; x_wconf 89' lang='lat' dir='ltr'><strong>haud</strong></span> <span class='ocrx_word' id='word_1_110' title='bbox 542 1936 638 2002; x_wconf 92' lang='lat' dir='ltr'><strong>dubie</strong></span> <span class='ocrx_word' id='word_1_111' title='bbox 662 1937 834 2002; x_wconf 89' lang='lat' dir='ltr'><strong>traditione</strong></span> <span class='ocrx_word' id='word_1_112' title='bbox 857 1937 995 2021; x_wconf 88' lang='lat' dir='ltr'><strong>accepit.</strong></span> <span class='ocrx_word' id='word_1_113' title='bbox 1040 1938 1083 2002; x_wconf 95' lang='lat' dir='ltr'><strong>At</strong></span> <span class='ocrx_word' id='word_1_114' title='bbox 1106 1937 1133 2002; x_wconf 90' lang='lat' dir='ltr'><strong>si</strong></span> <span class='ocrx_word' id='word_1_115' title='bbox 1154 1957 1269 2004; x_wconf 84' lang='lat' dir='ltr'><strong>revera</strong></span> <span class='ocrx_word' id='word_1_116' title='bbox 1291 1937 1405 2001; x_wconf 91' lang='lat' dir='ltr'><strong>librum</strong></span> <span class='ocrx_word' id='word_1_117' title='bbox 1431 1936 1479 2001; x_wconf 88' lang='lat' dir='ltr'><strong>de</strong></span> 
     </span>
     <span class='ocr_line' id='line_1_16' title="bbox 331 2039 1480 2125; baseline 0.002 -23"><span class='ocrx_word' id='word_1_118' title='bbox 331 2039 458 2122; x_wconf 91' lang='lat' dir='ltr'><strong>Aegina</strong></span> <span class='ocrx_word' id='word_1_119' title='bbox 481 2039 608 2124; x_wconf 84' lang='lat' dir='ltr'><strong>scripsit</strong></span> <span class='ocrx_word' id='word_1_120' title='bbox 623 2040 817 2124; x_wconf 84' lang='lat' dir='ltr'><strong>Theogenes</strong></span> <span class='ocrx_word' id='word_1_121' title='bbox 838 2041 947 2106; x_wconf 90' lang='lat' dir='ltr'><strong>nescio</strong></span> <span class='ocrx_word' id='word_1_122' title='bbox 970 2041 1049 2125; x_wconf 90' lang='lat' dir='ltr'><strong>quis,</strong></span> <span class='ocrx_word' id='word_1_123' title='bbox 1074 2062 1145 2107; x_wconf 91' lang='lat' dir='ltr'><strong>eum</strong></span> <span class='ocrx_word' id='word_1_124' title='bbox 1161 2062 1202 2106; x_wconf 85' lang='lat' dir='ltr'><strong>ex</strong></span> <span class='ocrx_word' id='word_1_125' title='bbox 1217 2039 1480 2106; x_wconf 78' lang='lat' dir='ltr'><strong>Achemensium</strong></span> 
     </span>
     <span class='ocr_line' id='line_1_17' title="bbox 331 2141 1479 2227; baseline 0.003 -22"><span class='ocrx_word' id='word_1_126' title='bbox 331 2141 484 2225; x_wconf 87' lang='lat' dir='ltr'><strong>parabasi</strong></span> <span class='ocrx_word' id='word_1_127' title='bbox 512 2161 570 2207; x_wconf 90' lang='lat' dir='ltr'><strong>sua</strong></span> <span class='ocrx_word' id='word_1_128' title='bbox 593 2142 633 2208; x_wconf 90' lang='lat' dir='ltr'><strong>de</strong></span> <span class='ocrx_word' id='word_1_129' title='bbox 656 2143 872 2227; x_wconf 86' lang='lat' dir='ltr'><strong>Aristophane</strong></span> <span class='ocrx_word' id='word_1_130' title='bbox 895 2151 1015 2209; x_wconf 89' lang='lat' dir='ltr'><strong>temere</strong></span> <span class='ocrx_word' id='word_1_131' title='bbox 1039 2143 1244 2226; x_wconf 83' lang='lat' dir='ltr'><strong>colligentem</strong></span> <span class='ocrx_word' id='word_1_132' title='bbox 1265 2143 1299 2209; x_wconf 91' lang='lat' dir='ltr'><strong>in</strong></span> <span class='ocrx_word' id='word_1_133' title='bbox 1320 2143 1479 2209; x_wconf 88' lang='lat' dir='ltr'><strong>miserum</strong></span> 
     </span>
     <span class='ocr_line' id='line_1_18' title="bbox 330 2244 949 2312; baseline 0.002 -2"><span class='ocrx_word' id='word_1_134' title='bbox 330 2264 469 2310; x_wconf 91' lang='lat' dir='ltr'><strong>errorem</strong></span> <span class='ocrx_word' id='word_1_135' title='bbox 491 2244 641 2311; x_wconf 88' lang='lat' dir='ltr'><strong>incidisse</strong></span> <span class='ocrx_word' id='word_1_136' title='bbox 664 2244 868 2312; x_wconf 87' lang='lat' dir='ltr'><strong>manifestum</strong></span> <span class='ocrx_word' id='word_1_137' title='bbox 891 2252 949 2312; x_wconf 91' lang='lat' dir='ltr'><strong>est.</strong></span> 
     </span>
    </p>
   </div>
   <div class='ocr_carea' id='block_1_3' title="bbox 328 2366 1477 4210">
    <p class='ocr_par' dir='ltr' id='par_1_3' title="bbox 328 2366 1477 4106">
     <span class='ocr_line' id='line_1_19' title="bbox 417 2366 1477 2452; baseline 0.004 -22"><span class='ocrx_word' id='word_1_138' title='bbox 417 2366 484 2431; x_wconf 87' lang='lat' dir='ltr'><strong>Sed</strong></span> <span class='ocrx_word' id='word_1_139' title='bbox 518 2367 700 2448; x_wconf 89' lang='lat' dir='ltr'><strong>quaerimus</strong></span> <span class='ocrx_word' id='word_1_140' title='bbox 738 2367 889 2450; x_wconf 89' lang='lat' dir='ltr'><strong>quidnam</strong></span> <span class='ocrx_word' id='word_1_141' title='bbox 922 2367 1005 2433; x_wconf 89' lang='lat' dir='ltr'><strong>haee</strong></span> <span class='ocrx_word' id='word_1_142' title='bbox 1039 2368 1238 2452; x_wconf 89' lang='lat' dir='ltr'><strong>parabaseos</strong></span> <span class='ocrx_word' id='word_1_143' title='bbox 1272 2369 1375 2433; x_wconf 90' lang='lat' dir='ltr'><strong>verba</strong></span> <span class='ocrx_word' id='word_1_144' title='bbox 1407 2368 1477 2435; x_wconf 91' lang='lat' dir='ltr'><strong>sibi</strong></span> 
     </span>
     <span class='ocr_line' id='line_1_20' title="bbox 331 2468 1475 2557; baseline 0.004 -24"><span class='ocrx_word' id='word_1_145' title='bbox 331 2468 431 2535; x_wconf 88' lang='lat' dir='ltr'><strong>velint</strong></span> <span class='ocrx_word' id='word_1_146' title='bbox 461 2475 493 2534; x_wconf 93' lang='lat' dir='ltr'><strong>et</strong></span> <span class='ocrx_word' id='word_1_147' title='bbox 525 2471 683 2552; x_wconf 91' lang='lat' dir='ltr'><strong>quomodo</strong></span> <span class='ocrx_word' id='word_1_148' title='bbox 711 2471 954 2555; x_wconf 89' lang='lat' dir='ltr'><strong>interpretanda</strong></span> <span class='ocrx_word' id='word_1_149' title='bbox 983 2471 1055 2536; x_wconf 87' lang='lat' dir='ltr'><strong>sint.</strong></span> <span class='ocrx_word' id='word_1_150' title='bbox 1102 2470 1186 2547; x_wconf 78' lang='lat' dir='ltr'><strong>Quid</strong></span> <span class='ocrx_word' id='word_1_151' title='bbox 1208 2477 1306 2554; x_wconf 89' lang='lat' dir='ltr'><strong>pocta</strong></span> <span class='ocrx_word' id='word_1_152' title='bbox 1329 2472 1475 2557; x_wconf 85' lang='lat' dir='ltr'><strong>studeat,</strong></span> 
     </span>
     <span class='ocr_line' id='line_1_21' title="bbox 330 2572 1477 2656; baseline 0.002 -18"><span class='ocrx_word' id='word_1_153' title='bbox 330 2573 534 2656; x_wconf 89' lang='lat' dir='ltr'><strong>perspicuum</strong></span> <span class='ocrx_word' id='word_1_154' title='bbox 558 2593 628 2640; x_wconf 87' lang='lat' dir='ltr'><strong>esse</strong></span> <span class='ocrx_word' id='word_1_155' title='bbox 651 2573 727 2639; x_wconf 91' lang='lat' dir='ltr'><strong>mihi</strong></span> <span class='ocrx_word' id='word_1_156' title='bbox 750 2574 893 2642; x_wconf 83' lang='lat' dir='ltr'><strong>videtur:</strong></span> <span class='ocrx_word' id='word_1_157' title='bbox 916 2575 987 2641; x_wconf 85' lang='lat' dir='ltr'><strong>ioco</strong></span> <span class='ocrx_word' id='word_1_158' title='bbox 1004 2574 1195 2656; x_wconf 81' lang='lat' dir='ltr'><strong>facetiisque</strong></span> <span class='ocrx_word' id='word_1_159' title='bbox 1212 2572 1335 2640; x_wconf 87' lang='lat' dir='ltr'><strong>animos</strong></span> <span class='ocrx_word' id='word_1_160' title='bbox 1353 2575 1477 2640; x_wconf 89' lang='lat' dir='ltr'><strong>civium</strong></span> 
     </span>
     <span class='ocr_line' id='line_1_22' title="bbox 330 2676 1477 2762; baseline 0.003 -20"><span class='ocrx_word' id='word_1_161' title='bbox 330 2676 391 2742; x_wconf 91' lang='lat' dir='ltr'><strong>sibi</strong></span> <span class='ocrx_word' id='word_1_162' title='bbox 424 2677 580 2761; x_wconf 87' lang='lat' dir='ltr'><strong>propitios</strong></span> <span class='ocrx_word' id='word_1_163' title='bbox 612 2678 749 2743; x_wconf 91' lang='lat' dir='ltr'><strong>reddere</strong></span> <span class='ocrx_word' id='word_1_164' title='bbox 780 2679 877 2762; x_wconf 90' lang='lat' dir='ltr'><strong>cupit.</strong></span> <span class='ocrx_word' id='word_1_165' title='bbox 927 2680 1012 2747; x_wconf 88' lang='lat' dir='ltr'><strong>Nam</strong></span> <span class='ocrx_word' id='word_1_166' title='bbox 1041 2699 1112 2744; x_wconf 92' lang='lat' dir='ltr'><strong>eum</strong></span> <span class='ocrx_word' id='word_1_167' title='bbox 1136 2678 1263 2744; x_wconf 82' lang='lat' dir='ltr'><strong>Cleonis</strong></span> <span class='ocrx_word' id='word_1_168' title='bbox 1291 2678 1412 2745; x_wconf 89' lang='lat' dir='ltr'><strong>iniuriis</strong></span> <span class='ocrx_word' id='word_1_169' title='bbox 1439 2680 1477 2745; x_wconf 91' lang='lat' dir='ltr'><strong>in</strong></span> 
     </span>
     <span class='ocr_line' id='line_1_23' title="bbox 332 2779 1475 2868; baseline 0.003 -24"><span class='ocrx_word' id='word_1_170' title='bbox 332 2779 448 2864; x_wconf 88' lang='lat' dir='ltr'><strong>capitis</strong></span> <span class='ocrx_word' id='word_1_171' title='bbox 470 2781 612 2864; x_wconf 91' lang='lat' dir='ltr'><strong>periculo</strong></span> <span class='ocrx_word' id='word_1_172' title='bbox 635 2788 782 2847; x_wconf 89' lang='lat' dir='ltr'><strong>versatus</strong></span> <span class='ocrx_word' id='word_1_173' title='bbox 806 2789 900 2866; x_wconf 87' lang='lat' dir='ltr'><strong>esset,</strong></span> <span class='ocrx_word' id='word_1_174' title='bbox 924 2781 1172 2848; x_wconf 88' lang='lat' dir='ltr'><strong>Atheniensibus</strong></span> <span class='ocrx_word' id='word_1_175' title='bbox 1195 2784 1334 2866; x_wconf 88' lang='lat' dir='ltr'><strong>probare</strong></span> <span class='ocrx_word' id='word_1_176' title='bbox 1350 2782 1475 2868; x_wconf 89' lang='lat' dir='ltr'><strong>studet,</strong></span> 
     </span>
     <span class='ocr_line' id='line_1_24' title="bbox 331 2884 1476 2970; baseline 0.004 -23"><span class='ocrx_word' id='word_1_177' title='bbox 331 2904 428 2966; x_wconf 92' lang='lat' dir='ltr'><strong>quam</strong></span> <span class='ocrx_word' id='word_1_178' title='bbox 449 2885 533 2950; x_wconf 90' lang='lat' dir='ltr'><strong>male</strong></span> <span class='ocrx_word' id='word_1_179' title='bbox 556 2884 617 2950; x_wconf 91' lang='lat' dir='ltr'><strong>sibi</strong></span> <span class='ocrx_word' id='word_1_180' title='bbox 640 2884 702 2968; x_wconf 87' lang='lat' dir='ltr'><strong>ipsi</strong></span> <span class='ocrx_word' id='word_1_181' title='bbox 725 2884 902 2970; x_wconf 89' lang='lat' dir='ltr'><strong>consulant,</strong></span> <span class='ocrx_word' id='word_1_182' title='bbox 926 2885 953 2950; x_wconf 91' lang='lat' dir='ltr'><strong>si</strong></span> <span class='ocrx_word' id='word_1_183' title='bbox 976 2891 1106 2969; x_wconf 90' lang='lat' dir='ltr'><strong>poetam</strong></span> <span class='ocrx_word' id='word_1_184' title='bbox 1130 2885 1348 2969; x_wconf 88' lang='lat' dir='ltr'><strong>clarissimum,</strong></span> <span class='ocrx_word' id='word_1_185' title='bbox 1378 2887 1476 2952; x_wconf 88' lang='lat' dir='ltr'><strong>cuius</strong></span> 
     </span>
     <span class='ocr_line' id='line_1_25' title="bbox 330 2987 1476 3072; baseline 0.002 -20"><span class='ocrx_word' id='word_1_186' title='bbox 330 2987 418 3052; x_wconf 84' lang='lat' dir='ltr'><strong>fama</strong></span> <span class='ocrx_word' id='word_1_187' title='bbox 441 2987 505 3052; x_wconf 88' lang='lat' dir='ltr'><strong>iam</strong></span> <span class='ocrx_word' id='word_1_188' title='bbox 528 2988 572 3052; x_wconf 86' lang='lat' dir='ltr'><strong>ad</strong></span> <span class='ocrx_word' id='word_1_189' title='bbox 594 3008 704 3071; x_wconf 89' lang='lat' dir='ltr'><strong>regem</strong></span> <span class='ocrx_word' id='word_1_190' title='bbox 719 2988 889 3053; x_wconf 87' lang='lat' dir='ltr'><strong>Persarum</strong></span> <span class='ocrx_word' id='word_1_191' title='bbox 904 2987 1097 3072; x_wconf 86' lang='lat' dir='ltr'><strong>pervenerit,</strong></span> <span class='ocrx_word' id='word_1_192' title='bbox 1121 2987 1313 3054; x_wconf 88' lang='lat' dir='ltr'><strong>auctoritate</strong></span> <span class='ocrx_word' id='word_1_193' title='bbox 1330 3008 1389 3054; x_wconf 88' lang='lat' dir='ltr'><strong>sua</strong></span> <span class='ocrx_word' id='word_1_194' title='bbox 1404 3011 1476 3054; x_wconf 91' lang='lat' dir='ltr'><strong>uon</strong></span> 
     </span>
     <span class='ocr_line' id='line_1_26' title="bbox 330 3091 1475 3176; baseline 0.003 -22"><span class='ocrx_word' id='word_1_195' title='bbox 330 3097 488 3156; x_wconf 90' lang='lat' dir='ltr'><strong>tueantur.</strong></span> <span class='ocrx_word' id='word_1_196' title='bbox 523 3092 637 3174; x_wconf 89' lang='lat' dir='ltr'><strong>Itaque</strong></span> <span class='ocrx_word' id='word_1_197' title='bbox 661 3096 746 3156; x_wconf 91' lang='lat' dir='ltr'><strong>totus</strong></span> <span class='ocrx_word' id='word_1_198' title='bbox 768 3091 821 3157; x_wconf 94' lang='lat' dir='ltr'><strong>hic</strong></span> <span class='ocrx_word' id='word_1_199' title='bbox 836 3092 1035 3175; x_wconf 90' lang='lat' dir='ltr'><strong>parabaseos</strong></span> <span class='ocrx_word' id='word_1_200' title='bbox 1050 3092 1149 3175; x_wconf 92' lang='lat' dir='ltr'><strong>locus,</strong></span> <span class='ocrx_word' id='word_1_201' title='bbox 1173 3098 1208 3156; x_wconf 92' lang='lat' dir='ltr'><strong>ut</strong></span> <span class='ocrx_word' id='word_1_202' title='bbox 1224 3093 1344 3176; x_wconf 88' lang='lat' dir='ltr'><strong>apertis</strong></span> <span class='ocrx_word' id='word_1_203' title='bbox 1360 3093 1475 3158; x_wconf 89' lang='lat' dir='ltr'><strong>verbis</strong></span> 
     </span>
     <span class='ocr_line' id='line_1_27' title="bbox 330 3193 1471 3280; baseline 0.004 -22"><span class='ocrx_word' id='word_1_204' title='bbox 330 3193 446 3278; x_wconf 90' lang='lat' dir='ltr'><strong>dicam,</strong></span> <span class='ocrx_word' id='word_1_205' title='bbox 468 3195 592 3260; x_wconf 86' lang='lat' dir='ltr'><strong>lasciva</strong></span> <span class='ocrx_word' id='word_1_206' title='bbox 616 3199 664 3260; x_wconf 87' lang='lat' dir='ltr'><strong>est</strong></span> <span class='ocrx_word' id='word_1_207' title='bbox 687 3199 720 3260; x_wconf 92' lang='lat' dir='ltr'><strong>et</strong></span> <span class='ocrx_word' id='word_1_208' title='bbox 742 3193 914 3278; x_wconf 89' lang='lat' dir='ltr'><strong>perspicua</strong></span> <span class='ocrx_word' id='word_1_209' title='bbox 935 3194 1079 3278; x_wconf 88' lang='lat' dir='ltr'><strong>captatio</strong></span> <span class='ocrx_word' id='word_1_210' title='bbox 1094 3195 1339 3262; x_wconf 89' lang='lat' dir='ltr'><strong>benevolentiae</strong></span> <span class='ocrx_word' id='word_1_211' title='bbox 1356 3198 1471 3280; x_wconf 93' lang='lat' dir='ltr'><strong>populi</strong></span> 
     </span>
     <span class='ocr_line' id='line_1_28' title="bbox 329 3295 1471 3382; baseline 0.004 -20"><span class='ocrx_word' id='word_1_212' title='bbox 329 3296 548 3382; x_wconf 87' lang='lat' dir='ltr'><strong>Atheniensis,</strong></span> <span class='ocrx_word' id='word_1_213' title='bbox 584 3297 674 3362; x_wconf 90' lang='lat' dir='ltr'><strong>cuius</strong></span> <span class='ocrx_word' id='word_1_214' title='bbox 707 3295 861 3363; x_wconf 84' lang='lat' dir='ltr'><strong>auxilium</strong></span> <span class='ocrx_word' id='word_1_215' title='bbox 893 3304 992 3382; x_wconf 86' lang='lat' dir='ltr'><strong>poeta</strong></span> <span class='ocrx_word' id='word_1_216' title='bbox 1025 3302 1137 3364; x_wconf 90' lang='lat' dir='ltr'><strong>contra</strong></span> <span class='ocrx_word' id='word_1_217' title='bbox 1170 3298 1298 3364; x_wconf 77' lang='lat' dir='ltr'><strong>Cleonis</strong></span> <span class='ocrx_word' id='word_1_218' title='bbox 1330 3298 1471 3366; x_wconf 85' lang='lat' dir='ltr'><strong>infestas</strong></span> 
     </span>
     <span class='ocr_line' id='line_1_29' title="bbox 328 3399 1471 3487; baseline 0.003 -22"><span class='ocrx_word' id='word_1_219' title='bbox 328 3400 591 3485; x_wconf 88' lang='lat' dir='ltr'><strong>machinationes,</strong></span> <span class='ocrx_word' id='word_1_220' title='bbox 627 3401 654 3465; x_wconf 94' lang='lat' dir='ltr'><strong>si</strong></span> <span class='ocrx_word' id='word_1_221' title='bbox 688 3420 768 3482; x_wconf 89' lang='lat' dir='ltr'><strong>quas</strong></span> <span class='ocrx_word' id='word_1_222' title='bbox 798 3401 902 3466; x_wconf 89' lang='lat' dir='ltr'><strong>denuo</strong></span> <span class='ocrx_word' id='word_1_223' title='bbox 933 3408 1103 3485; x_wconf 89' lang='lat' dir='ltr'><strong>paraturus</strong></span> <span class='ocrx_word' id='word_1_224' title='bbox 1126 3399 1175 3485; x_wconf 90' lang='lat' dir='ltr'><strong>sit,</strong></span> <span class='ocrx_word' id='word_1_225' title='bbox 1210 3401 1369 3487; x_wconf 90' lang='lat' dir='ltr'><strong>implorat,</strong></span> <span class='ocrx_word' id='word_1_226' title='bbox 1403 3424 1471 3470; x_wconf 91' lang='lat' dir='ltr'><strong>non</strong></span> 
     </span>
     <span class='ocr_line' id='line_1_30' title="bbox 328 3503 1470 3590; baseline 0.004 -22"><span class='ocrx_word' id='word_1_227' title='bbox 328 3505 438 3588; x_wconf 90' lang='lat' dir='ltr'><strong>palam</strong></span> <span class='ocrx_word' id='word_1_228' title='bbox 466 3503 596 3586; x_wconf 91' lang='lat' dir='ltr'><strong>quidem</strong></span> <span class='ocrx_word' id='word_1_229' title='bbox 624 3509 657 3569; x_wconf 91' lang='lat' dir='ltr'><strong>et</strong></span> <span class='ocrx_word' id='word_1_230' title='bbox 686 3509 807 3588; x_wconf 90' lang='lat' dir='ltr'><strong>aperte,</strong></span> <span class='ocrx_word' id='word_1_231' title='bbox 843 3504 901 3570; x_wconf 89' lang='lat' dir='ltr'><strong>sed</strong></span> <span class='ocrx_word' id='word_1_232' title='bbox 932 3505 1015 3570; x_wconf 92' lang='lat' dir='ltr'><strong>clam</strong></span> <span class='ocrx_word' id='word_1_233' title='bbox 1043 3509 1076 3570; x_wconf 94' lang='lat' dir='ltr'><strong>et</strong></span> <span class='ocrx_word' id='word_1_234' title='bbox 1098 3505 1177 3570; x_wconf 88' lang='lat' dir='ltr'><strong>satis</strong></span> <span class='ocrx_word' id='word_1_235' title='bbox 1200 3510 1295 3589; x_wconf 89' lang='lat' dir='ltr'><strong>tecte,</strong></span> <span class='ocrx_word' id='word_1_236' title='bbox 1324 3506 1470 3590; x_wconf 87' lang='lat' dir='ltr'><strong>imagine</strong></span> 
     </span>
     <span class='ocr_line' id='line_1_31' title="bbox 328 3607 1471 3692; baseline 0.003 -20"><span class='ocrx_word' id='word_1_237' title='bbox 328 3628 403 3673; x_wconf 89' lang='lat' dir='ltr'><strong>usus</strong></span> <span class='ocrx_word' id='word_1_238' title='bbox 425 3607 571 3690; x_wconf 90' lang='lat' dir='ltr'><strong>Aeginae</strong></span> <span class='ocrx_word' id='word_1_239' title='bbox 595 3613 629 3673; x_wconf 90' lang='lat' dir='ltr'><strong>et</strong></span> <span class='ocrx_word' id='word_1_240' title='bbox 650 3607 989 3673; x_wconf 90' lang='lat' dir='ltr'><strong>Lacedaemoniorum.</strong></span> <span class='ocrx_word' id='word_1_241' title='bbox 1035 3609 1118 3676; x_wconf 89' lang='lat' dir='ltr'><strong>Nam</strong></span> <span class='ocrx_word' id='word_1_242' title='bbox 1145 3608 1213 3673; x_wconf 89' lang='lat' dir='ltr'><strong>sive</strong></span> <span class='ocrx_word' id='word_1_243' title='bbox 1236 3607 1286 3674; x_wconf 88' lang='lat' dir='ltr'><strong>his</strong></span> <span class='ocrx_word' id='word_1_244' title='bbox 1307 3609 1471 3692; x_wconf 90' lang='lat' dir='ltr'><strong>insignem</strong></span> 
     </span>
     <span class='ocr_line' id='line_1_32' title="bbox 329 3709 1471 3797; baseline 0.004 -22"><span class='ocrx_word' id='word_1_245' title='bbox 329 3717 460 3795; x_wconf 90' lang='lat' dir='ltr'><strong>poetam</strong></span> <span class='ocrx_word' id='word_1_246' title='bbox 483 3710 570 3777; x_wconf 88' lang='lat' dir='ltr'><strong>cives</strong></span> <span class='ocrx_word' id='word_1_247' title='bbox 593 3711 779 3795; x_wconf 88' lang='lat' dir='ltr'><strong>permittunt</strong></span> <span class='ocrx_word' id='word_1_248' title='bbox 801 3709 869 3776; x_wconf 79' lang='lat' dir='ltr'><strong>sire</strong></span> <span class='ocrx_word' id='word_1_249' title='bbox 886 3711 1013 3777; x_wconf 92' lang='lat' dir='ltr'><strong>Cleonis</strong></span> <span class='ocrx_word' id='word_1_250' title='bbox 1036 3710 1110 3776; x_wconf 91' lang='lat' dir='ltr'><strong>odio</strong></span> <span class='ocrx_word' id='word_1_251' title='bbox 1134 3712 1326 3797; x_wconf 91' lang='lat' dir='ltr'><strong>condonant,</strong></span> <span class='ocrx_word' id='word_1_252' title='bbox 1351 3713 1471 3780; x_wconf 91' lang='lat' dir='ltr'><strong>eadem</strong></span> 
     </span>
     <span class='ocr_line' id='line_1_33' title="bbox 329 3813 1470 3899; baseline 0.005 -21"><span class='ocrx_word' id='word_1_253' title='bbox 329 3834 380 3878; x_wconf 88' lang='lat' dir='ltr'><strong>res</strong></span> <span class='ocrx_word' id='word_1_254' title='bbox 415 3820 477 3880; x_wconf 91' lang='lat' dir='ltr'><strong>est:</strong></span> <span class='ocrx_word' id='word_1_255' title='bbox 514 3815 598 3879; x_wconf 93' lang='lat' dir='ltr'><strong>male</strong></span> <span class='ocrx_word' id='word_1_256' title='bbox 632 3813 692 3880; x_wconf 95' lang='lat' dir='ltr'><strong>sibi</strong></span> <span class='ocrx_word' id='word_1_257' title='bbox 726 3813 923 3898; x_wconf 89' lang='lat' dir='ltr'><strong>prospiciunt</strong></span> <span class='ocrx_word' id='word_1_258' title='bbox 957 3835 1029 3879; x_wconf 90' lang='lat' dir='ltr'><strong>eum</strong></span> <span class='ocrx_word' id='word_1_259' title='bbox 1064 3814 1259 3899; x_wconf 88' lang='lat' dir='ltr'><strong>deserentes,</strong></span> <span class='ocrx_word' id='word_1_260' title='bbox 1294 3815 1346 3881; x_wconf 92' lang='lat' dir='ltr'><strong>cui</strong></span> <span class='ocrx_word' id='word_1_261' title='bbox 1380 3819 1470 3884; x_wconf 89' lang='lat' dir='ltr'><strong>salus</strong></span> 
     </span>
     <span class='ocr_line' id='line_1_34' title="bbox 330 3916 1469 4004; baseline 0.006 -23"><span class='ocrx_word' id='word_1_262' title='bbox 330 3916 446 3982; x_wconf 87' lang='lat' dir='ltr'><strong>civium</strong></span> <span class='ocrx_word' id='word_1_263' title='bbox 475 3917 613 3982; x_wconf 91' lang='lat' dir='ltr'><strong>omnium</strong></span> <span class='ocrx_word' id='word_1_264' title='bbox 641 3916 779 3983; x_wconf 84' lang='lat' dir='ltr'><strong>maxime</strong></span> <span class='ocrx_word' id='word_1_265' title='bbox 807 3938 903 3983; x_wconf 89' lang='lat' dir='ltr'><strong>curae</strong></span> <span class='ocrx_word' id='word_1_266' title='bbox 932 3925 995 3983; x_wconf 90' lang='lat' dir='ltr'><strong>est:</strong></span> <span class='ocrx_word' id='word_1_267' title='bbox 1029 3917 1091 3982; x_wconf 90' lang='lat' dir='ltr'><strong>hoc</strong></span> <span class='ocrx_word' id='word_1_268' title='bbox 1118 3917 1246 3983; x_wconf 88' lang='lat' dir='ltr'><strong>tertium</strong></span> <span class='ocrx_word' id='word_1_269' title='bbox 1274 3925 1331 4004; x_wconf 89' lang='lat' dir='ltr'><strong>cst,</strong></span> <span class='ocrx_word' id='word_1_270' title='bbox 1362 3927 1399 3986; x_wconf 94' lang='lat' dir='ltr'><strong>ut</strong></span> <span class='ocrx_word' id='word_1_271' title='bbox 1420 3921 1469 3988; x_wconf 91' lang='lat' dir='ltr'><strong>ita</strong></span> 
     </span>
     <span class='ocr_line' id='line_1_35' title="bbox 329 4017 1064 4106; baseline 0.004 -24"><span class='ocrx_word' id='word_1_272' title='bbox 329 4017 444 4104; x_wconf 89' lang='lat' dir='ltr'><strong>dicam,</strong></span> <span class='ocrx_word' id='word_1_273' title='bbox 469 4020 726 4104; x_wconf 88' lang='lat' dir='ltr'><strong>comparationis.</strong></span> <span class='ocrx_word' id='word_1_274' title='bbox 772 4020 910 4086; x_wconf 90' lang='lat' dir='ltr'><strong>Proinde</strong></span> <span class='ocrx_word' id='word_1_275' title='bbox 933 4027 1064 4106; x_wconf 90' lang='lat' dir='ltr'><strong>poetam</strong></span> 
     </span>
    </p>

    <p class='ocr_par' dir='ltr' id='par_1_4' title="bbox 420 4121 1374 4210">
     <span class='ocr_line' id='line_1_36' title="bbox 420 4121 1374 4210; baseline 0.003 -25"><span class='ocrx_word' id='word_1_276' title='bbox 420 4121 508 4204; x_wconf 75' lang='grc' dir='ltr'><strong><em>ὑμεῖς</em></strong></span> <span class='ocrx_word' id='word_1_277' title='bbox 530 4145 581 4186; x_wconf 85' lang='grc' dir='ltr'><strong>τοι</strong></span> <span class='ocrx_word' id='word_1_278' title='bbox 602 4122 645 4210; x_wconf 83' lang='grc' dir='ltr'><strong>μή</strong></span> <span class='ocrx_word' id='word_1_279' title='bbox 669 4123 745 4186; x_wconf 74' lang='grc' dir='ltr'><strong><em>ποτ’</em></strong></span> <span class='ocrx_word' id='word_1_280' title='bbox 768 4123 891 4207; x_wconf 69' lang='grc' dir='ltr'><em>ἀφῆθ’·</em></span> <span class='ocrx_word' id='word_1_281' title='bbox 915 4123 958 4197; x_wconf 74' lang='grc' dir='ltr'><strong>ὥς</strong></span> <span class='ocrx_word' id='word_1_282' title='bbox 980 4122 1168 4208; x_wconf 76' lang='grc' dir='ltr'><strong><em>κωμῳδήσει</em></strong></span> <span class='ocrx_word' id='word_1_283' title='bbox 1190 4123 1231 4186; x_wconf 86' lang='grc' dir='ltr'><strong>τὰ</strong></span> <span class='ocrx_word' id='word_1_284' title='bbox 1254 4121 1374 4188; x_wconf 84' lang='grc' dir='ltr'><strong><em>δίκαια.</em></strong></span> 
     </span>
    </p>
   </div>
   <div class='ocr_carea' id='block_1_4' title="bbox 328 4361 1468 4608">
    <p class='ocr_par' dir='ltr' id='par_1_5' title="bbox 328 4361 1468 4608">
     <span class='ocr_line' id='line_1_37' title="bbox 400 4361 1467 4436; baseline 0.005 -17"><span class='ocrx_word' id='word_1_285' title='bbox 400 4364 418 4433; x_wconf 77' lang='lat'><strong>¹)</strong></span> <span class='ocrx_word' id='word_1_286' title='bbox 438 4361 524 4419; x_wconf 81' lang='lat' dir='ltr'><strong>Sumo</strong></span> <span class='ocrx_word' id='word_1_287' title='bbox 545 4363 659 4434; x_wconf 90' lang='lat' dir='ltr'><strong>quidem</strong></span> <span class='ocrx_word' id='word_1_288' title='bbox 677 4365 762 4434; x_wconf 90' lang='lat' dir='ltr'><strong>hanc,</strong></span> <span class='ocrx_word' id='word_1_289' title='bbox 784 4383 868 4436; x_wconf 89' lang='lat' dir='ltr'><strong>quarn</strong></span> <span class='ocrx_word' id='word_1_290' title='bbox 887 4363 1015 4434; x_wconf 85' lang='lat' dir='ltr'><strong>diximus,</strong></span> <span class='ocrx_word' id='word_1_291' title='bbox 1035 4365 1093 4421; x_wconf 88' lang='lat' dir='ltr'><strong>loci</strong></span> <span class='ocrx_word' id='word_1_292' title='bbox 1111 4365 1284 4422; x_wconf 88' lang='lat' dir='ltr'><strong>sententiam</strong></span> <span class='ocrx_word' id='word_1_293' title='bbox 1304 4385 1381 4436; x_wconf 76' lang='lat' dir='ltr'><strong>esse3</strong></span> <span class='ocrx_word' id='word_1_294' title='bbox 1399 4387 1467 4424; x_wconf 86' lang='lat' dir='ltr'><strong>narn</strong></span> 
     </span>
     <span class='ocr_line' id='line_1_38' title="bbox 328 4447 1468 4522; baseline 0.008 -20"><span class='ocrx_word' id='word_1_295' title='bbox 328 4447 436 4505; x_wconf 88' lang='lat' dir='ltr'><strong>locutio</strong></span> <span class='ocrx_word' id='word_1_296' title='bbox 456 4451 520 4504; x_wconf 90' lang='lat' dir='ltr'><strong>illa:</strong></span> <span class='ocrx_word' id='word_1_297' title='bbox 538 4452 720 4520; x_wconf 73' lang='grc' dir='ltr'><strong><em>κατεκλήρωσε</em></strong></span> <span class='ocrx_word' id='word_1_298' title='bbox 738 4451 767 4504; x_wconf 76' lang='grc' dir='ltr'><strong>δὲ</strong></span> <span class='ocrx_word' id='word_1_299' title='bbox 786 4456 829 4504; x_wconf 80' lang='grc' dir='ltr'><strong>καὶ</strong></span> <span class='ocrx_word' id='word_1_300' title='bbox 848 4453 897 4516; x_wconf 73' lang='grc' dir='ltr'><strong>τήν</strong></span> <span class='ocrx_word' id='word_1_301' title='bbox 914 4457 1027 4522; x_wconf 79' lang='grc' dir='ltr'><strong><em>Αἴγιναν</em></strong></span> <span class='ocrx_word' id='word_1_302' title='bbox 1044 4451 1233 4508; x_wconf 87' lang='lat' dir='ltr'><strong>balbutientis</strong></span> <span class='ocrx_word' id='word_1_303' title='bbox 1252 4459 1303 4522; x_wconf 88' lang='lat' dir='ltr'><strong>cst,</strong></span> <span class='ocrx_word' id='word_1_304' title='bbox 1322 4454 1377 4509; x_wconf 90' lang='lat' dir='ltr'><strong>nisi</strong></span> <span class='ocrx_word' id='word_1_305' title='bbox 1389 4455 1468 4511; x_wconf 87' lang='lat' dir='ltr'><strong>forte</strong></span> 
     </span>
     <span class='ocr_line' id='line_1_39' title="bbox 329 4536 1200 4608; baseline 0.003 -18"><span class='ocrx_word' id='word_1_306' title='bbox 329 4536 510 4606; x_wconf 87' lang='lat' dir='ltr'><strong>compilatori</strong></span> <span class='ocrx_word' id='word_1_307' title='bbox 529 4543 579 4592; x_wconf 90' lang='lat' dir='ltr'><strong>aut</strong></span> <span class='ocrx_word' id='word_1_308' title='bbox 597 4536 715 4592; x_wconf 90' lang='lat' dir='ltr'><strong>librario</strong></span> <span class='ocrx_word' id='word_1_309' title='bbox 736 4537 821 4592; x_wconf 90' lang='lat' dir='ltr'><strong>alicui</strong></span> <span class='ocrx_word' id='word_1_310' title='bbox 840 4539 926 4608; x_wconf 87' lang='lat' dir='ltr'><strong>culpa</strong></span> <span class='ocrx_word' id='word_1_311' title='bbox 944 4537 1129 4594; x_wconf 87' lang='lat' dir='ltr'><strong>attribuenda</strong></span> <span class='ocrx_word' id='word_1_312' title='bbox 1147 4544 1200 4594; x_wconf 87' lang='lat' dir='ltr'><strong>est.</strong></span> 
     </span>
    </p>
   </div>
   <div class='ocr_carea' id='block_1_5' title="bbox 0 0 1574 5266">
    <p class='ocr_par' dir='ltr' id='par_1_6' title="bbox 0 0 1574 5266">
     <span class='ocr_line' id='line_1_40' title="bbox 0 0 1574 5266; baseline 0 3"><span class='ocrx_word' id='word_1_313' title='bbox 0 0 1574 5266; x_wconf 95' lang='lat' dir='ltr'><strong> </strong></span> 
     </span>
    </p>
   </div>
  </div>
 </body>
</html>
