3140 5266
561 381 772 443 ..57..

191 570 365 651 Postquam
394 569 455 634 huc
486 569 703 653 pervenimus,
738 589 844 652 paene
878 569 922 634 ad
950 569 1069 634 exitum
1097 569 1240 634 adducta

103 675 252 755 quaestio
280 679 340 739 est.
385 675 468 749 Nam
492 694 575 756 quae
598 681 722 738 restant
745 674 785 738 de
810 673 996 738 Callistrato
1017 683 1052 738 et
1072 673 1241 738 Philonide

102 798 269 862 perpauca
299 784 371 842 sunt
401 777 580 860 eademque
610 777 840 861 persimplicis,
870 797 940 841 cum
968 777 1001 841 in
1024 777 1155 842 dubium
1176 776 1242 840 iam

102 881 173 946 sere
196 879 273 945 nihil
296 881 397 964 possit
419 881 538 946 vocari.
572 880 639 946 Sed
655 881 806 963 quoniam
822 881 863 945 de
880 881 1061 946 actionibus
1077 881 1241 962 hucusque

102 985 258 1068 deinceps
292 985 425 1067 egimus,
459 1006 544 1049 nunc
574 1005 701 1066 quoque
731 1005 888 1049 memores
917 983 1071 1068 propositi
1103 982 1241 1064 fabulas,

102 1107 189 1170 quae
217 1088 361 1170 reliquae
383 1095 466 1170 sunt,
497 1089 640 1171 singulas
663 1108 921 1172 percenseamus,
953 1095 1051 1170 atque
1074 1088 1115 1152 de
1138 1087 1242 1150 unius-

103 1191 257 1273 cuiusque
281 1192 501 1257 commissione
525 1213 609 1273 quae
632 1192 730 1256 statui
754 1199 874 1274 queant
897 1191 1011 1275 paucis
1034 1210 1242 1274 exponamus.

191 1296 304 1377 Itaque
337 1295 471 1380 primum
505 1295 690 1360 accedimus
720 1295 765 1358 ad
797 1297 926 1378 Pacem,
961 1315 1044 1377 quae
1075 1293 1243 1358 comoedia

102 1405 190 1463 anno
223 1407 295 1482 post
329 1400 506 1483 Vesparum
546 1407 579 1464 et
617 1399 796 1480 Proagonis
833 1398 1086 1463 commissionem
1119 1397 1242 1462 Alcaeo

102 1503 257 1567 archonte
292 1502 390 1567 docta
421 1510 478 1567 est.
529 1504 621 1567 Haec
654 1502 772 1583 legitur
806 1500 1000 1566 didascalia:
1036 1502 1175 1583 Ἑνίκησε
1206 1499 1242 1562 δὲ

102 1611 148 1690 τῷ
187 1605 326 1691 δράματι
364 1605 381 1667 ὁ
420 1605 556 1689 ποιητὴς
587 1605 642 1666 s’rrl
677 1607 836 1688 ἄρχοντος
868 1604 1036 1678 Ἀλκαίου,
1074 1602 1110 1667 ἐν
1142 1605 1240 1666 ἄστει.

103 1713 234 1792 πρῶτος
272 1707 418 1781 Εὔπολις
455 1707 595 1784 Κόλαξί,
642 1706 790 1790 δεύτερος
831 1707 1070 1791 Ἀριστοφάνης
1109 1705 1240 1791 Είρήνῃ,

101 1815 209 1896 τρίτος
231 1812 367 1876 Λεύκων
393 1813 566 1896 Φράτσροτ.
604 1813 641 1876 τὸ
667 1811 703 1874 δὲ
726 1811 837 1893 δρᾶμα
857 1811 1052 1896 ὑπεκρίνατο
1075 1809 1240 1874 Ἀπολλό-

104 1915 223 1999 δωρος,
246 1914 622 1998 ηνικαερμηνλοιοκροτης
636 1917 667 1994 ¹).
701 1913 811 1978 Planis
833 1915 931 1996 igitur
951 1923 982 1979 st
999 1914 1120 1999 apertis
1135 1912 1243 1980 verbis

102 2018 256 2102 scriptum
287 2018 433 2084 videmus
465 2017 715 2102 Aristophanem
745 2017 848 2102 ipsum
880 2019 999 2084 Pacem
1030 2018 1063 2082 in
1090 2037 1242 2083 scaenam

103 2121 269 2186 induxisse
299 2128 331 2186 ct
353 2122 529 2188 seeundum
552 2121 615 2186 hae
638 2121 807 2187 comoedia
829 2123 934 2186 locum
956 2121 1142 2186 obtinuisse.
1187 2121 1242 2185 At-

105 2246 168 2307 que
202 2245 279 2290 vere
314 2224 373 2290 hoc
406 2225 559 2290 traditum
593 2245 664 2290 esse
699 2225 771 2309 ipsa
804 2225 917 2290 fabula
948 2226 1059 2306 docet,
1093 2225 1126 2289 in
1153 2225 1243 2290 cuius

106 2434 199 2502 primo
213 2433 318 2488 obtutu
331 2433 416 2486 valde
431 2433 540 2501 arrisit,
557 2433 608 2486 sed
623 2451 686 2486 cum
700 2433 863 2486 accuratius
875 2449 936 2486 rem
947 2449 1058 2486 mecum
1070 2436 1244 2502 reputarem,

104 2526 203 2572 tamar
220 2519 409 2574 haesitabam.
445 2519 519 2574 Nam
538 2520 615 2590 quod
635 2520 713 2574 cadit
732 2520 761 2572 iu
780 2519 974 2586 Philonidem,
995 2519 1070 2572 idem
1089 2535 1147 2572 non
1165 2518 1244 2574 cadit

106 2606 136 2658 in
156 2605 324 2674 Amipsiam.
366 2605 548 2661 Philonidcm
576 2623 639 2659 curn
664 2606 787 2660 sciamus
807 2604 1035 2674 Aristophancas
1058 2604 1173 2658 fabulas
1191 2622 1243 2659 suo

108 2694 222 2746 nornine
241 2694 381 2760 docuisse,
406 2695 442 2748 ab
461 2694 516 2748 hoc
535 2694 711 2747 comoediam
731 2693 906 2756 abiudicare,
935 2709 1008 2762 quae
1028 2691 1244 2761 Aristophanes

106 2797 170 2833 esse
187 2781 278 2850 magis
296 2781 418 2847 videtur,
437 2797 494 2833 non
513 2785 558 2833 est
577 2780 724 2844 audaciae,
743 2780 811 2848 quia
831 2779 891 2832 eins
909 2796 1012 2832 nomen
1026 2777 1123 2831 multis
1137 2794 1246 2832 comoe-

107 2867 163 2920 diis
191 2865 411 2936 Aristophaneis
441 2868 470 2919 in
501 2866 666 2920 didascaliis
698 2865 854 2934 ascriptum
884 2871 960 2918 erat:
991 2863 1150 2934 Amipsiam
1181 2882 1244 2918 cnm

108 2953 298 3022 Phrynichias
321 2953 436 3008 fabulas
459 2953 591 3007 docuisse
615 2952 730 3004 minime
754 2957 932 3020 compertum
956 2950 1122 3018 babeamus,
1145 2950 1245 3003 eodem

107 3039 193 3092 modo
214 3057 299 3109 agere
318 3039 419 3094 dubito
439 3057 476 3093 au
495 3057 553 3092 nou
571 3039 667 3092 liceat.
703 3037 776 3091 Nam
796 3038 875 3107 quod
893 3036 1035 3107 Bergkius
1054 3036 1245 3106 fragmentum

106 3125 264 3194 Phrynichi
283 3143 301 3179 a
318 3125 475 3180 Plutarcho
494 3126 524 3177 in
542 3125 593 3178 vit.
611 3123 705 3177 Alcib.
725 3141 749 3176 c.
768 3125 802 3176 20
820 3129 978 3179 servatum:

318 3206 338 3264 oi
358 3209 469 3280 φίλταθ’
485 3209 586 3278 Ἑρμῆ,
604 3213 648 3262 καί
667 3209 815 3279 φυλάττου,
832 3209 870 3278 μῆ
891 3209 982 3261 πεσών

318 3297 419 3350 σαυτόν
436 3297 610 3368 περικρούσῃς
628 3299 672 3348 καί
691 3295 833 3366 παράσχῃς
851 3295 980 3363 διαβολὴν

314 3385 394 3452 ἑτέρῳ
416 3383 551 3454 Δισκίείδῃ
570 3385 724 3452 βουλομένῳ
743 3381 827 3434 κακόν
843 3401 869 3434 τι
888 3381 964 3450 δρᾶν.

314 3474 396 3525 ΕΡΜ.
416 3470 580 3539 φυλάξομαι.
607 3469 713 3537 Τεύκρῳ
732 3469 784 3540 γὰρ
803 3468 864 3537 οὐχὶ
882 3469 1017 3536 βούλομαι

191 3619 194 3626 .
315 3556 440 3624 μήνυτρα
459 3555 556 3608 δοῦναι
574 3556 609 3623 τῷ
629 3557 792 3623 παλαμναίῳ
810 3555 875 3622 ξένῳ

106 3642 214 3711 (Koch.
237 3641 272 3694 fr.
292 3640 337 3710 58)
361 3643 402 3694 'ad
427 3640 585 3710 Phrynichi
604 3639 812 3694 Comissatores
840 3638 1022 3692 referendum
1050 3657 1112 3693 esse
1139 3643 1248 3705 censet,

106 3729 215 3796 nescio,
238 3746 288 3781 cur
310 3727 383 3782 haec
406 3727 504 3792 verba,
529 3745 603 3796 quae
628 3743 703 3780 auno
721 3727 773 3778 414
796 3725 826 3778 iu
848 3742 955 3779 scaena
977 3726 1165 3794 pronuntiata
1184 3742 1247 3778 esse

106 3815 209 3884 negari
238 3832 296 3868 non
326 3820 437 3884 potest,
474 3831 489 3867 e
520 3813 706 3882 Monotropo,
744 3813 820 3881 quod
851 3818 881 3865 et
910 3811 1072 3866 Mcinekius
1102 3812 1246 3881 qnondam

3 3929 4 3936 ν
107 3903 282 3968 coniecerat,
301 3908 352 3955 aut
370 3919 404 3953 ex
423 3900 480 3954 alia
496 3900 654 3969 Phrynichi
672 3898 774 3952 fabula
786 3899 909 3952 Lenaeis
929 3899 1055 3952 eiusdem
1075 3899 1142 3952 anni
1161 3899 1248 3952 docta

107 3990 254 4057 exscripta
278 4004 339 4041 csse
361 3992 517 4056 nequeant.
558 3986 661 4054 Itaque
683 3984 803 4053 Bergkii
826 3983 1027 4052 suspicionem,
1050 3999 1123 4051 quae
1146 4001 1199 4052 per
1216 3999 1247 4036 se

107 4093 167 4128 non
185 4075 223 4128 sit
242 4073 427 4140 incredibilis,
447 4071 630 4142 gravioribus
648 4071 824 4142 argumentis
843 4069 993 4138 magisque
1006 4068 1117 4150 idoneis
1129 4068 1247 4139 probari

108 4177 169 4213 nou
188 4176 273 4229 posse
292 4165 370 4212 certe
390 4157 543 4213 dolendum
563 4163 614 4213 est.

183 4264 202 4331 ¹)
221 4263 349 4317 Litteras
368 4262 491 4330 exhibui,
511 4279 568 4315 non
587 4260 685 4326 verba,
709 4277 771 4312 cum
791 4257 966 4312 didascalice
985 4255 1050 4311 finis
1069 4263 1127 4310 tam
1146 4257 1246 4325 depra-

3 4329 4 4400 i
107 4357 194 4406 vatus
221 4356 338 4419 tamque
364 4349 513 4403 mutilatus
541 4348 579 4402 sit
606 4364 670 4401 mea
694 4345 847 4411 sententia,
875 4349 906 4397 ut
929 4361 1042 4398 sensum
1062 4360 1097 4397 nc
1116 4342 1246 4397 divinare

109 4438 227 4507 quidem
244 4437 394 4506 possimus.
422 4434 565 4489 Dindorfii
585 4435 751 4488 coniectura
764 4429 855 4496 ‘drino
870 4429 906 4483 ἔτ’
920 4425 953 4494 ἦν
965 4427 1116 4496 ὖαοκριτιίς’
1132 4429 1247 4483 minime

3 4513 4 4516 ¹
108 4523 216 4597 placet,
252 4523 286 4578 In
309 4522 390 4578 libris
413 4527 561 4578 exaratum
586 4526 630 4578 est
652 4521 742 4578 hocce
760 4518 858 4574 modo:
886 4516 964 4584 ἡνίκα
983 4515 1069 4588 ἑρμῆν
1085 4516 1248 4588 λοιοκρίτρς.
