3140 5266
833 343 1020 408 ..6-

352 528 428 594 dum
454 535 542 596 reete
571 549 644 596 eum
672 529 925 616 interpretemur,
953 551 1063 597 veram
1092 551 1163 598 esse
1192 531 1276 598 haue
1299 532 1503 598 sententiam

352 633 496 719 probari,
520 634 593 700 dieo
616 635 713 719 Vesp.
736 653 783 700 vs.
807 636 889 700 1017
913 653 1000 718 sqq.:

518 737 705 801 ἀδικεῖσθαι
742 737 803 823 γάρ
841 753 940 823 φησιν
977 737 1136 826 πρότερος
1173 737 1268 802 πόλλ’
1307 739 1434 814 αὐτοὺς
1465 741 1504 803 εὖ

1181 842 1386 927 πεποιηκώς,

517 946 559 1008 τὰ
579 945 639 1030 μὲν
660 946 700 1011 οδ
721 950 880 1033 φανερῶς,
907 946 976 1012 ἀλλ’
997 945 1180 1032 ἐπικουρῶν
1196 943 1339 1033 κρύβδην
1358 944 1503 1032 ἑτέροισι

1179 1059 1344 1135 ποιηταῖς,

518 1154 739 1239 μιμησάμενος
768 1155 826 1241 τὴν
847 1154 1050 1241 Εὐρυκλέους
1072 1158 1226 1236 μαντείαν
1248 1154 1302 1217 καὶ
1326 1153 1500 1229 διάνοιαν,

398 1259 489 1324 1020.
512 1260 556 1333 εἰς
571 1257 741 1345 ἀλλοτρίας
757 1261 912 1346 γαστέρας
926 1257 1021 1333 ἐνδὺς
1034 1257 1208 1343 κωμῳδικὰ
1219 1256 1329 1322 πολλὰ
1340 1260 1502 1339 χέασθαι·

359 1355 363 1362 ’
518 1363 598 1444 μετὰ
631 1367 727 1427 τοῦτο
762 1361 799 1425 δὲ
832 1362 886 1424 καλ
920 1365 1068 1449 φανερῶς
1094 1361 1157 1447 ἢδη
1188 1360 1389 1426 κινδυνεύων
1417 1363 1500 1425 καθ’

1179 1463 1308 1540 ἑαυτόν,

519 1571 577 1634 oria
599 1569 789 1658 ἀλλοτρίων,
818 1569 888 1634 ἀλλ’
913 1571 1038 1635 ολκελοιν
1060 1573 1207 1635 Μουσῶν
1233 1569 1376 1652 στόμαθ’
1404 1570 1500 1656 ἡνιο-

1177 1673 1287 1758 χήσας.

429 1777 584 1843 1Kookius
618 1783 651 1843 et
680 1778 748 1844 Leo
779 1779 810 1844 ll.
840 1779 911 1845 ooll.
941 1776 1190 1862 Aristophanem
1218 1777 1281 1842 hoo
1310 1777 1383 1842 looo
1415 1779 1503 1843 tales

354 1879 555 1948 conditiones
578 1881 610 1946 in
632 1881 738 1946 animo
761 1882 913 1948 habuisse
937 1881 1130 1966 existimant,
1160 1880 1264 1964 qualis
1287 1880 1319 1945 in
1341 1881 1502 1964 Equitum
1532 1901 1533 1970 l

354 1987 467 2053 fabula
490 1987 712 2070 componenda
735 2007 806 2053 oum
827 1987 944 2072 Eupoli
967 1987 998 2052 ei
1020 1987 1089 2052 suit.
1136 1985 1292 2064 Quodne
1315 1985 1502 2070 cogitemus
1532 1993 1533 2068 l

354 2091 419 2157 iam
441 2090 541 2176 ipsius
563 2089 625 2155 looi
647 2089 680 2154 vi
703 2111 743 2156 aa
765 2090 888 2156 ratione
904 2091 1118 2176 prohibemur.
1150 2089 1185 2156 Si
1206 2091 1307 2156 verba
1323 2089 1503 2174 diligenter
1532 2109 1533 2170 r

355 2200 388 2260 et
410 2194 534 2262 sincere
558 2195 772 2279 exploramus,
797 2194 944 2262 dubitare
967 2215 1041 2260 mea
1061 2193 1222 2260 sententia
1237 2214 1300 2259 non
1315 2213 1500 2278 possumus

355 2298 432 2382 quin
453 2298 686 2384 Aristophanes
715 2298 777 2364 hoo
804 2299 876 2364 looo
906 2299 946 2365 de
974 2298 1133 2384 prioribus
1156 2298 1222 2364 suis
1244 2298 1364 2364 fabulis
1387 2299 1501 2366 iooose
1532 2323 1533 2342 ³

354 2402 525 2468 fabuletur.
576 2401 747 2486 Vituperat
781 2401 865 2468 enim
894 2408 1108 2486 speetatores,
1144 2402 1231 2485 quod
1258 2401 1409 2467 iniuriam
1438 2403 1501 2468 sibi
1532 2399 1533 2456 ἐ

354 2505 527 2589 intulerint,
558 2525 753 2589 quamquam
783 2507 884 2572 multa
914 2506 961 2572 eis
990 2513 1089 2572 antea
1112 2507 1194 2572 bene
1217 2505 1357 2572 fecisset.
1404 2508 1501 2572 Haeo

355 2617 463 2676 autem
496 2609 621 2694 iniuria,
656 2630 740 2693 quae
774 2616 892 2695 poetae
927 2611 1032 2676 animo
1067 2611 1265 2693 obversatur,
1300 2615 1350 2674 est
1384 2611 1501 2676 elades

354 2713 495 2782 Nubium
525 2713 579 2796 (ei.
603 2733 649 2779 vs.
675 2715 759 2780 1044
786 2718 865 2798 sq.);
901 2714 1011 2797 itaque
1041 2733 1087 2780 vs.
1120 2715 1202 2780 1017
1240 2719 1379 2798 apparet
1409 2715 1500 2797 loqui
1532 2789 1533 2792 Ἴ

355 2816 604 2903 Aristophanem
634 2818 675 2882 de
707 2817 834 2883 fabulis
855 2824 931 2883 ante
957 2819 1068 2885 Nubes
1096 2816 1187 2901 aotis,
1216 2817 1246 2882 h.
1271 2837 1298 2882 e.
1323 2817 1365 2882 de
1395 2817 1500 2884 tribus
1532 2849 1533 2854 ¹

356 2911 418 2988 illis
442 2919 626 2987 Callistrato
653 2922 781 2988 traditis
810 2928 842 2987 et
872 2923 913 2988 de
936 2922 1087 3005 Equitum
1117 2921 1285 2988 comoedia
1308 2927 1341 2987 et
1362 2921 1391 2988 si
1415 2943 1500 3005 quas

356 3025 439 3091 alias
462 3024 627 3108 commisit,
652 3025 693 3090 de
711 3025 766 3122 ‘his
789 3045 926 3108 quoque.
957 3026 1037 3092 Illae
1061 3031 1169 3091 autem
1188 3025 1356 3108 imagines,
1381 3027 1500 3108 quibus
1532 3029 1533 3032 ’

355 3130 527 3214 Euryolem
549 3130 783 3212 ventriloquum
805 3151 840 3196 se
863 3131 1021 3196 imitatum
1044 3149 1115 3196 esse
1132 3135 1165 3194 et
1179 3129 1213 3194 in
1228 3129 1351 3194 alienos
1366 3137 1500 3196 ventres
1532 3213 1533 3216 Ἴ

354 3232 521 3318 irrepsisse
551 3233 659 3299 fauete
686 3240 806 3318 narrat,
834 3240 901 3300 tam
931 3239 1029 3317 aptae
1053 3239 1126 3299 sunt
1148 3233 1194 3298 illi
1217 3253 1289 3299 eum
1311 3233 1500 3299 Callistrato
1532 3255 1533 3260 ¹

356 3336 541 3421 conditioni,
568 3343 604 3402 ut
625 3337 680 3402 vix
702 3338 747 3403 ad
769 3337 868 3404 aliam
890 3338 973 3403 bene
996 3337 1119 3422 possint
1140 3337 1262 3402 referri.
1307 3337 1393 3405 Nam
1415 3339 1501 3404 altar

354 3442 525 3526 Euryales,
560 3461 655 3507 verus
689 3440 921 3526 ventriloquus,
956 3447 1055 3526 poeta
1088 3440 1224 3506 callidus
1256 3440 1347 3506 initio
1381 3463 1501 3508 revera

355 3545 471 3629 luerat,
503 3564 575 3610 eum
604 3544 674 3629 ipse
699 3546 890 3629 loqueretur,
921 3545 952 3609 h.
977 3565 1004 3609 e.
1029 3564 1101 3609 oum
1123 3563 1234 3609 versus
1256 3545 1298 3610 ab
1321 3543 1393 3628 ipso
1416 3545 1500 3610 faeti

355 3648 576 3732 recitarentur,
605 3649 742 3734 populus
771 3649 999 3732 Callistratum,
1027 3648 1057 3713 h.
1080 3667 1108 3712 e.
1137 3648 1206 3713 eius
1232 3666 1353 3732 versus,
1381 3648 1499 3715 audire

355 3753 418 3820 sibi
450 3752 622 3820 videretur,
673 3755 755 3819 Tum
784 3774 861 3818 vero
892 3755 1040 3838 φανερῶς
1066 3752 1144 3814 καθ’
1175 3749 1293 3816 ἑαυτὸν
1318 3751 1498 3835 perieulum

355 3855 463 3942 subiit,
495 3877 567 3923 oum
597 3877 672 3924 suas
701 3857 811 3943 ipsius,
835 3879 898 3923 non
925 3857 1049 3923 alienas
1075 3857 1184 3922 Musas
1214 3862 1350 3940 regeret.
1404 3855 1498 3934 Quae

355 3961 457 4028 verba
490 3961 628 4028 maxime
662 3963 707 4027 ad
739 3962 873 4045 Equites
906 3960 1068 4047 pertinere
1097 3961 1253 4044 probatur
1282 3959 1427 4026 versibus
1451 3962 1498 4027 in-

358 4064 582 4150 sequentibus:

485 4167 600 4254 ἀρθεὶς
634 4167 671 4230 δέ
698 4169 798 4250 μέγας
833 4167 886 4230 καὶ
920 4166 1066 4252 τιμηθεὶς
1093 4165 1137 4241 ῶς
1165 4165 1273 4240 οὐδεὶς
1301 4165 1431 4231 aanor
1462 4169 1497 4234 ἓν

1183 4269 1273 4352 ὑμῖν,

487 4376 545 4446 oria
573 4375 731 4441 ἐκτελέσαι
760 4375 860 4462 φησὶν
888 4373 1047 4462 ἐπαρθεὶς
1075 4374 1146 4439 οὐδ’
1175 4374 1318 4454 δγκῶσαι
1344 4375 1381 4441 τὸ
1405 4378 1494 4462 φρό-

1184 4502 1270 4567 νημα
1291 4478 1357 4544 κτλ.
