3140 5266
563 303 772 368 ..61-

89 513 157 558 esse
184 493 422 578 suspicaretur.
453 493 545 558 Haec
567 498 675 558 autem
698 490 758 556 viri
783 489 869 556 docti
892 489 1000 573 opinio
1023 489 1149 556 laudari
1175 511 1238 557 non

88 603 210 681 potest,
236 617 313 662 cum
334 595 557 662 Eratosthenis
580 594 772 676 testimonio,
796 594 827 658 lr.
851 614 879 660 e.
904 593 1101 678 didascaliis,
1124 599 1237 679 aparte

87 706 268 784 repugnet.
315 699 410 766 Adde
440 699 526 782 quod
553 705 618 764 tres
646 697 831 764 comoedias
858 697 973 764 eodem
1003 697 1070 765 fere
1094 703 1238 783 tempore

87 804 350 890 Aristophanem
379 803 545 887 scripsisse
567 809 601 868 ct
623 801 751 868 dedisse
774 801 980 868 statuendum
1002 809 1068 868 est:
1102 801 1238 887 Vespas,

88 909 315 991 Proagonem,
343 909 470 973 Pacem.
494 906 662 972 Fritasclrii
691 905 873 990 opinionem
896 905 1032 970 alteram
1055 905 1150 970 Pacis
1174 907 1239 972 edi·

88 1011 216 1078 tionem
246 1010 419 1092 Agricolas
446 1029 516 1074 esse
545 1008 716 1074 iudicantis
746 1008 823 1074 nihil
850 1030 963 1075 moror.
1020 1009 1133 1092 Neque
1163 1011 1240 1076 Diu·

90 1115 216 1180 dorfius
240 1114 371 1178 videtur
392 1113 474 1178 bene
498 1111 623 1196 fecisse,
655 1133 726 1178 cum
749 1113 967 1196 grammaticis
989 1112 1122 1180 alterius
1145 1114 1241 1180 Pacis

90 1239 208 1284 versus
233 1217 445 1284 afferentibus
468 1215 563 1282 tidem
586 1216 768 1298 derogaret.

182 1339 243 1404 Sic
267 1358 319 1404 res
341 1357 375 1403 se
398 1336 512 1402 habuit
533 1357 606 1402 mea
629 1335 799 1402 sententia.
829 1336 1062 1422 Aristophanes
1077 1338 1241 1424 Dionysiis

91 1444 227 1527 magnis
244 1441 321 1507 anni
336 1443 397 1506 421
415 1442 536 1506 Pacem
551 1440 651 1524 dedit,
675 1461 772 1524 qnam
787 1439 883 1506 hodie
899 1441 1043 1524 legimus.
1079 1445 1241 1511 Posterius

94 1587 131 1594 -
160 1547 207 1612 de
238 1553 384 1629 ternpore
412 1565 476 1620 non
502 1549 629 1609 constat
654 1581 692 1592 --
715 1542 800 1608 hanc
823 1544 1022 1610 comoediam
1044 1547 1241 1630 nescioquo

93 1653 134 1717 de
161 1670 287 1718 caussa
309 1650 426 1714 iterare
450 1648 558 1714 voluit.
604 1647 697 1725 Quod
721 1667 793 1712 curn
815 1646 943 1713 fabulas
966 1647 1026 1714 nisi
1048 1655 1242 1716 retractatas

93 1756 216 1822 iterum
248 1751 401 1819 committi
426 1752 557 1817 vetitum
580 1757 665 1816 esset
677 1753 709 1834 ¹),
739 1750 938 1816 comoediam
961 1753 1121 1818 recensuit
1144 1761 1241 1838 atquc

95 1859 208 1924 denuo
225 1857 260 1921 in
275 1876 428 1922 scaenam
442 1854 576 1920 induxit.
607 1855 766 1920 Fabulam
781 1861 888 1920 autem
904 1876 1019 1922 revera
1033 1864 1243 1925 retractatam

96 1983 184 2046 esse,
208 1981 275 2026 non
298 1959 434 2025 eandem
457 1964 512 2024 aut
535 1977 664 2043 prorsus
686 1956 784 2023 aliam
805 1957 934 2024 docum
950 1978 1031 2043 esse,
1055 1981 1097 2028 ex
1112 1981 1151 2028 eo
1167 1963 1243 2030 licet

20 2148 21 2153 ρ
96 2065 271 2148 colligere,
309 2062 396 2145 quod
431 2082 543 2128 versus
579 2082 643 2126 non
676 2061 763 2145 nulli,
802 2061 856 2144 qui
890 2083 931 2128 ex
964 2065 1069 2130 altera
1102 2066 1243 2134 editione

98 2171 294 2250 afferuntur,
323 2187 364 2232 ex
391 2173 483 2250 parte
506 2171 685 2247 congruunt
708 2185 779 2230 cum
801 2165 947 2231 versibus
970 2168 1157 2234 comoediae
1181 2191 1245 2236 scr·
1364 2161 1367 2168 ’

98 2281 214 2357 natae,
239 2271 345 2336 Kock.
369 2269 407 2334 fr.
431 2271 509 2335 294:

228 2401 272 2457 A.
295 2402 364 2466 cole
386 2395 488 2456 πᾶσιν
510 2391 739 2478 ἀνθρώποισιν
757 2392 894 2478 Εἰρήνης
916 2393 1011 2478 φίλης

228 2497 325 2582 πιστὴ
348 2497 482 2582 τροφός,
505 2501 617 2579 ταμία,
643 2495 807 2583 συνεργός,
830 2495 1022 2584 ἐπίτροπος,

228 2600 389 2686 θυγάτηρ,
412 2599 555 2685 ἀδελφή·
580 2599 690 2665 πάντα
712 2601 803 2664 ταῦτ’
826 2600 938 2688 ἐχρῆτό
961 2625 1027 2684 μοι.

167 2787 169 2790 Ι
229 2711 270 2766 Β.
298 2705 348 2767 ool
373 2703 405 2767 δ’
428 2705 533 2786 ὄνομα
557 2702 596 2788 δὴ
619 2708 650 2767 τί
671 2703 773 2784 Zoraa,-
800 2711 843 2767 A.
867 2707 885 2768 ὅ
907 2729 937 2767 τι
945 2733 956 2783 ,·
981 2709 1132 2791 Γεωργία.

173 2829 205 2892 5.
230 2829 327 2890 ΧΟΡ.
350 2824 375 2887 ὦ
399 2825 541 2910 ποθεινὴ
565 2835 633 2899 τοῖς
657 2825 795 2899 δικαίοις
817 2826 869 2887 καὶ
894 2836 1046 2912 γεωργοῖς
1068 2826 1182 2914 ἡμέρα,

229 2928 366 3011 ἄσμενός
389 2930 419 2990 u'
443 2928 524 2993 ἰδών
545 2938 737 3015 προσειπεῖν
759 2929 922 3012 βούλομαι
944 2928 1001 3004 τὰς
1023 2931 1200 3014 ἀμπέλους.

104 3055 231 3118 Versus
255 3052 383 3136 quintus
399 3059 431 3117 et
447 3057 556 3117 sextus
572 3051 604 3116 in
621 3059 751 3117 servata
766 3052 879 3117 fabula
895 3058 967 3116 sunt
982 3052 1070 3117 chori
1086 3054 1158 3117 556.
1176 3054 1249 3118 557.

105 3155 250 3222 Restitui
273 3176 329 3222 eos
352 3155 448 3221 choro
473 3154 570 3221 ctiam
593 3155 626 3219 in
649 3156 841 3240 fragmento,
870 3176 942 3220 cum
963 3154 1057 3220 huius
1080 3175 1150 3222 csse
1173 3155 1250 3220 mihi

107 3279 301 3346 persuasum
323 3259 372 3325 sit.

200 3383 268 3446 Iam
298 3383 427 3464 longum
456 3381 627 3448 intercedit
657 3380 810 3466 temporis
840 3379 988 3465 spatium,
1020 3380 1110 3446 cuius
1131 3380 1251 3446 nullam

110 3484 257 3551 fabulam
282 3484 392 3568 iniqua
414 3484 542 3550 fortuna
565 3484 609 3550 ad
631 3505 689 3549 nos
712 3483 862 3550 servavit.
907 3485 985 3548 Post
1006 3489 1091 3549 totos
1112 3481 1251 3565 denique
1348 3487 1351 3492 '

111 3595 238 3673 septem
267 3609 367 3655 annos
397 3588 585 3655 comoediae
612 3588 704 3654 nobis
733 3587 837 3652 denuo
866 3585 1031 3652 exsistunt.
1084 3585 1166 3652 Sunt
1187 3587 1250 3652 hac

114 3712 241 3774 quoque
263 3693 448 3759 comoediae
465 3693 731 3776 Aristophanem,
755 3711 859 3774 neque
875 3697 983 3756 tamen
998 3689 1052 3756 illc
1068 3697 1117 3756 est
1131 3689 1251 3756 Aristo·

113 3795 249 3880 phanes,
281 3795 334 3878 qui
361 3795 558 3880 Babylonios
592 3801 624 3860 et
651 3793 786 3876 Equites
814 3794 1000 3877 composuit.
1053 3795 1252 3876 Argumenta

115 3906 188 3964 sunt
216 3898 374 3982 prioribus
402 3898 541 3982 diversa,
569 3896 618 3961 vis
645 3897 722 3962 salis
750 3901 782 3960 ct
810 3894 1002 3960 facetiarum
1028 3895 1170 3980 remittit,
1199 3917 1251 3962 res

115 4003 268 4087 politicae
290 4002 455 4068 recedunt.
504 4003 610 4084 Atque
638 4021 679 4065 ne
708 3998 748 4064 de
777 4018 811 4064 se
840 3997 909 4082 ipse
933 3998 1062 4080 quidem
1084 4005 1183 4081 pocta
1204 3999 1252 4064 fa-

118 4106 245 4173 bulatur
272 4106 305 4171 in
332 4106 559 4191 parabasibus:
594 4104 629 4169 id
656 4123 811 4168 summurn
841 4100 922 4185 petit
951 4101 993 4165 ab
1022 4100 1190 4185 iudicibus,
1219 4106 1253 4165 ut

120 4283 324 4294 ——---——--——

188 4369 207 4436 1)
227 4367 310 4431 Quod
330 4366 473 4420 Ranarum
493 4365 593 4419 fabula
611 4364 763 4417 immutata
782 4362 887 4416 iterata
906 4366 950 4414 cst
976 4358 1048 4412 haee
1061 4375 1118 4410 una
1132 4364 1254 4428 excepta

121 4460 171 4508 est.
204 4453 251 4510 uf.
271 4471 343 4524 quae
363 4471 429 4522 pag.
442 4453 475 4506 63
493 4469 555 4522 sqq.
574 4451 790 4520 disputavimus.
