3140 5266
575 329 789 392 ..23-

271 514 369 588 αύτός
393 515 419 576 τ’
441 515 581 597 ἐμαυτὸν
604 515 671 580 ύπό
696 515 841 591 Κλέωνος
863 519 1014 584 ἅπαθον.

270 617 446 700 ἐπίσταμαι
471 617 526 681 διὰ
548 619 605 703 τὴν
628 621 742 705 πέρυσι
765 619 948 704 κωμῳδίαν.

273 721 456 796 εἰσελκύσας
479 721 539 808 γάρ
562 723 596 804 μ’
619 725 664 796 εἷς
687 722 723 785 τό
745 723 973 810 βουλευτήριον

158 828 235 894 380.
272 825 419 906 διέβαλλε
441 827 493 889 καὶ
517 825 627 912 ψευδῆ
648 826 875 906 κατεγλώττιζέ
895 850 959 910 μου

273 928 501 1014 κάκυκλοβόρει
524 929 699 1013 κᾶπλυνεν,
724 930 798 993 ὥστ’
822 930 933 1010 ὀλίγου
958 930 1046 996 πάνυ

270 1031 452 1116 ἀπωλόμην
473 1031 900 1117 μολυνοπραγμονούμενος.

200 1135 339 1218 Liquide
363 1157 404 1200 ex
426 1136 475 1202 his
496 1142 614 1220 poetae
629 1136 736 1202 verbis
752 1143 890 1221 apparet
906 1137 1058 1204 Cleonem
1074 1138 1252 1220 comoedia,

102 1261 198 1322 quae
222 1261 306 1306 anno
330 1247 407 1306 ante
429 1241 654 1307 Achamenses
677 1241 756 1306 data
773 1247 853 1325 erat,
877 1243 1033 1308 offensum
1047 1241 1138 1308 litem
1152 1241 1253 1306 inten-

101 1343 210 1428 disse,
246 1365 329 1427 quae
363 1344 451 1428 apud
485 1350 651 1410 senatores
684 1351 760 1410 acta
791 1351 848 1410 est.
900 1344 1022 1422 Quibus
1051 1345 1172 1411 iniuriis
1201 1345 1253 1411 vel

102 1447 314 1514 contumeliis
329 1448 429 1514 Cleon
451 1448 599 1514 incensus
622 1447 673 1532 sit,
697 1469 738 1513 cx
761 1447 810 1514 his
833 1449 977 1514 versibus
999 1469 1063 1514 non
1087 1448 1251 1532 discimus3

99 1551 171 1616 sed
194 1551 277 1634 aliis,
301 1551 355 1633 qui
377 1551 485 1636 paullo
508 1557 582 1636 post
604 1552 762 1634 leguntur,
787 1551 884 1616 etiam
905 1551 946 1617 de
962 1552 1025 1618 hac
1039 1573 1074 1619 re
1091 1551 1252 1636 doeemur,

105 1657 353 1738 vs.501sqq.:

268 1758 329 1838 ἐγώ
353 1757 389 1822 δέ
411 1757 490 1834 λέξω
514 1756 605 1822 δεινὰ
626 1761 696 1840 μέν,
722 1757 833 1820 δίκαια
856 1759 902 1821 δέ.

270 1862 309 1926 ού
332 1862 394 1948 γάρ
417 1886 456 1944 με
478 1865 539 1926 νῦν
561 1885 597 1940 γε
621 1861 772 1943 διαβαλεῖ
792 1861 913 1937 Κλέων,
938 1864 989 1924 ὅτι

270 1969 369 2043 ξένων
394 1965 569 2052 παρόντων
591 1965 648 2049 τὴν
671 1964 770 2029 πόλιν
792 1969 896 2040 κακῶς
918 1965 1009 2046 λέγω.

268 2069 360 2133 αὐτοὶ
384 2069 447 2155 γοίρ
469 2068 564 2152 ἐσμεν
586 2068 666 2132 οὑπὶ
690 2073 822 2153 Ληναίῳ
846 2070 873 2132 τ’
896 2070 998 2148 ολγιόν,

153 2175 229 2240 505.
264 2174 378 2237 κούπω
401 2175 487 2249 ξένοι
511 2171 676 2258 πάρεισιν·
701 2174 774 2236 οὔτε
797 2171 858 2257 γὰρ
882 2171 980 2258 φόροι

268 2281 398 2362 ἥκουσιν
421 2278 490 2342 οὔτ’
513 2276 546 2340 ἐκ
569 2279 634 2341 τιόν
656 2277 786 2341 πόλεων
809 2273 840 2339 oi
863 2274 1042 2358 ξύμμαχοι·

268 2381 339 2444 ἀλλ’
362 2380 455 2463 ἐσμὲν
477 2379 571 2446 αύτοί
593 2383 653 2444 νύν
674 2404 710 2460 γε
732 2383 1011 2466 περιεπτισμένοι·

268 2485 343 2559 τούς
365 2485 426 2570 γὰρ
449 2487 617 2568 μετοίκους
639 2485 745 2569 ἄχυρα
767 2487 832 2548 τῶν
854 2484 960 2549 ἀστῶν
982 2483 1073 2563 λέγω.

152 2694 230 2758 515.
656 2691 727 2772 ούχὶ
750 2693 807 2776 την
829 2691 928 2755 πόλιν
949 2691 1043 2771 λέγω,

266 2797 433 2879 μέμνησθε
455 2795 565 2869 τοῦθ’,
590 2795 639 2857 ότι
662 2795 734 2876 ούχί
757 2795 815 2878 τὴν
838 2794 937 2858 πόλιν
958 2795 1051 2874 λέγω.

198 2899 427 2982 Cognoscimus
462 2919 502 2964 ex
528 2897 578 2963 his
605 2898 750 2963 versibus
780 2898 1029 2982 Aristophanem
1055 2898 1087 2964 in
1115 2899 1171 2965 illa
1200 2919 1250 2963 co-

103 3003 241 3068 moedia
279 3002 401 3068 civitati
436 3001 641 3068 maledixisse
677 3008 775 3086 atque
808 3002 888 3068 illud
921 3003 1050 3085 quidem
1087 3002 1250 3086 Dionysiis

102 3108 247 3191 magnis,
283 3127 345 3189 quo
372 3112 516 3192 tempore
543 3106 622 3171 socii
652 3105 760 3172 tributi
789 3107 935 3172 solvendi
963 3125 1079 3174 caussa
1107 3107 1252 3172 Athenas

103 3211 221 3278 venire
256 3217 288 3276 et
321 3211 354 3275 in
387 3211 513 3276 theatro
548 3216 733 3294 spectantes
763 3209 878 3278 adesse
906 3211 1063 3276 solebant.
1117 3212 1251 3276 Poetam

103 3315 190 3382 satis
224 3314 430 3380 vehementer
457 3313 491 3378 in
520 3314 610 3396 leges
640 3313 849 3396 institutaque
880 3313 1019 3380 civitatis
1046 3313 1251 3380 Atheniensis

103 3421 273 3484 invectum
306 3438 376 3484 esse
411 3439 453 3482 ex
486 3437 524 3481 eo
559 3416 635 3482 licet
669 3416 875 3500 concludere,
911 3417 997 3500 quod
1031 3418 1131 3483 Cleon
1163 3417 1252 3484 litem

103 3522 277 3588 instituere
307 3542 370 3586 non
392 3521 511 3586 veritus
542 3526 599 3605 est,
630 3520 724 3604 quod,
759 3520 820 3585 nisi
850 3521 968 3586 eximia
995 3521 1136 3603 quadam
1164 3541 1251 3586 acer-

105 3627 214 3694 bitate
239 3625 378 3690 comicus
400 3630 498 3708 poeta
521 3643 596 3690 usus
620 3630 714 3707 esset,
738 3623 793 3688 vix
815 3623 954 3690 fecisset.

198 3732 314 3811 Itaque
337 3728 443 3794 omnia
466 3728 544 3811 sere,
569 3747 652 3810 quae
676 3727 750 3793 sciri
773 3735 914 3812 possunt,
943 3749 984 3792 ex
1006 3726 1084 3811 ipsis
1107 3727 1252 3794 versibus

106 3833 287 3915 effecimus
321 3832 381 3896 nisi
416 3832 502 3914 quod
535 3831 619 3896 illius
648 3831 834 3897 comoediae
863 3831 987 3896 titulum
1015 3830 1160 3897 divinare
1188 3853 1251 3898 non

106 3955 294 4022 possumne,
324 3956 419 4020 quem
445 3934 533 4019 apud
561 3934 767 4000 scholiastam
798 3933 950 4019 scriptum
977 3933 1132 4000 videmus.
1181 3935 1250 4003 Nisi

106 4043 196 4106 hunc
211 4039 462 4124 Babyloniorum
477 4038 602 4104 titulum
616 4037 694 4102 nihil
710 4039 847 4122 praebet
862 4039 1061 4122 scholiastes,
1086 4040 1171 4121 quod
1187 4061 1250 4106 non

106 4145 172 4229 ipsi
208 4163 335 4226 quoque
369 4150 456 4208 recte
491 4143 693 4208 coniecimus
746 4143 838 4208 Haec
872 4148 979 4208 autem
1007 4143 1174 4208 annotavit
1206 4143 1250 4208 ad

106 4269 157 4314 VS.
183 4247 263 4312 378:
294 4245 350 4310 διὰ
371 4247 429 4330 τὴν
451 4248 566 4331 πέρυσι
588 4245 779 4330 κωμηιόίοινε
803 4247 879 4319 τούς
902 4234 1134 4328 Βαβυλωνίους
1156 4246 1249 4326 λέγει.

108 4352 248 4424 τούτους
270 4349 332 4435 γὰρ
355 4349 421 4435 πρὸ
443 4352 507 4412 τῶν
529 4350 703 4432 Ἀχαρνέων
717 4349 945 4436 Ἀριστοφάνης
966 4348 1128 4425 ἐδίδαξεν,
1152 4348 1186 4413 έν
1203 4349 1250 4425 οίς

110 4454 259 4527 πολλοὺς
287 4457 391 4527 κακῶς
417 4455 518 4517 εἶπεν.
563 4451 753 4539 ἕκωμηίόησε
783 4453 844 4538 γὰρ
874 4452 932 4527 τάς
958 4475 992 4515 τε
1013 4452 1175 4540 κληρωτὰς
1197 4457 1250 4518 καί
