3140 5266
811 367 1022 430 „44-

346 555 399 636 qui
430 558 545 619 κακίαν
573 553 637 620 hoe
664 555 736 620 loco
764 555 901 621 eandem
928 574 999 622 esse
1029 563 1126 640 atque
1153 557 1291 621 κάκωσιν
1320 558 1354 622 in
1382 557 1478 622 Thes.

343 657 420 740 ling.
446 660 562 725 Graec.
593 659 757 725 scriberet.
809 659 927 724 Verum
949 680 1037 726 mere
1059 659 1142 726 haec
1165 666 1215 727 est
1235 661 1348 746 libido,
1375 679 1479 744 neque

344 761 416 827 ullis
440 761 595 846 exemplis
617 768 673 828 aut
695 762 892 845 argumentis
914 763 997 829 haec
1020 763 1079 829 viri
1103 764 1189 830 docti
1205 765 1312 849 opinio
1327 765 1484 830 firmatur..

345 867 468 931 Primus
498 888 564 931 rem
592 866 758 951 perspexit
785 867 899 932 Mttller
927 867 1168 952 Strtibingensis
1198 869 1264 952 (Ar.
1295 889 1326 934 u.
1351 867 1383 935 d.
1407 867 1479 933 hist.

345 970 426 1035 Krit.
451 991 526 1054 pag.
551 971 614 1037 628
637 974 735 1054 ann),
764 970 819 1053 qui
847 970 926 1036 illud
952 975 1078 1046 κακίαις
1106 972 1148 1038 ab
1170 972 1387 1057 Aristophane
1411 993 1480 1056 pro-

345 1073 464 1139 iectum
498 1095 569 1140 esse
599 1095 662 1140 uon
691 1095 786 1159 posse
816 1074 975 1158 probavit.
1028 1076 1095 1142 Sed
1125 1076 1210 1160 quod
1239 1076 1309 1162 ipse
1332 1076 1480 1161 coniecit,

345 1199 458 1244 vereor
493 1199 534 1244 ne
568 1178 630 1245 hoc
664 1199 790 1261 quoque
823 1178 1058 1262 repudiandum
1091 1180 1146 1264 sit3
1183 1181 1272 1246 iubet
1306 1179 1392 1245 enim
1425 1201 1482 1246 nos

344 1282 485 1348 scribere
508 1285 632 1357 κακίας,
657 1281 742 1365 quod
761 1281 808 1348 ita
823 1281 872 1346 vir
886 1281 1000 1348 doetus
1014 1281 1175 1368 intelligit,
1198 1289 1233 1348 ut
1249 1284 1348 1350 Cleon
1363 1290 1482 1368 poetae

348 1386 513 1470 ignaviam
540 1385 711 1471 opprobrio
738 1385 871 1451 verterit
894 1391 927 1450 et
953 1387 1082 1473 γραφὴν
1108 1386 1297 1473 ἀστρατείας
1317 1387 1483 1452 minitatus

348 1489 398 1554 sit.
446 1489 555 1566 Quid?
599 1488 699 1554 Estne
733 1488 795 1554 hoc
829 1509 1028 1571 consequens
1061 1489 1259 1573 necessario,
1298 1489 1325 1555 si
1358 1489 1484 1555 Mulleri

350 1594 566 1660 coniecturam
600 1594 783 1676 sequimur?
827 1593 957 1658 Minime
991 1613 1078 1678 vero,
1113 1614 1185 1659 cum
1212 1597 1327 1657 κακίαν
1357 1593 1484 1658 omuino

347 1698 512 1781 ignaviam
535 1717 605 1764 esse
629 1718 739 1763 verum
760 1717 824 1762 non
847 1697 901 1763 sit:
926 1703 975 1763 est
996 1697 1103 1782 potius
1125 1697 1283 1763 vitiositas
1305 1697 1484 1780 quaelibet3

348 1809 520 1887 praeterea
543 1802 608 1866 tale
633 1800 765 1885 aliquid,
797 1799 884 1884 quod
905 1800 954 1866 vir
977 1801 1090 1866 doctus
1113 1801 1242 1867 efficere
1265 1799 1398 1884 studuit,
1421 1800 1486 1866 iam

349 1927 407 1990 per
429 1925 463 1971 se
487 1905 556 1971 veri
579 1904 731 1970 dissimile
754 1903 831 1968 mihi
853 1903 956 1970 videri
978 1905 1030 1970 vel
1053 1905 1190 1970 maxime
1212 1903 1351 1970 libenter
1370 1903 1485 1970 fateor.

348 2009 494 2092 Accedit,
529 2009 615 2092 quod
648 2008 764 2083 κτίζειν
797 2029 869 2074 cum
902 2008 1053 2092 genetivo
1088 2001 1290 2075 coniunctum
1323 2007 1380 2073 vix
1410 2008 1487 2074 ferri

349 2119 465 2198 potest.
504 2097 775 2196 ltaque'conieci,
800 2111 886 2195 quod
909 2118 941 2178 et
963 2112 1069 2178 sensui
1093 2111 1291 2197 aptissimum
1314 2118 1364 2178 est
1388 2113 1488 2178 etad

350 2219 474 2284 litteras
497 2217 634 2283 traditas
662 2219 849 2299 (κακίσταις)
881 2217 1000 2302 optime
1024 2218 1171 2301 quadrat,
1195 2217 1319 2282 seilicet
1342 2221 1487 2290 κακίσας.

350 2322 443 2388 Adde
477 2322 564 2404 quod
598 2320 796 2386 concinnitas
830 2320 990 2403 quaedam
1025 2320 1178 2404 exoritur,
1213 2339 1284 2386 cum
1316 2325 1487 2403 utrumque

349 2428 493 2510 verbum,
515 2433 548 2491 et
570 2424 789 2512 ὑπετάραττεν
812 2431 844 2491 εί
867 2425 979 2500 ἔκνισε,
1004 2425 1206 2492 coniunctum
1228 2425 1270 2490 sit
1292 2445 1365 2491 cum
1389 2425 1486 2510 parti-

351 2530 445 2616 cipio.
491 2530 546 2596 Sic
568 2528 665 2612 igitur
687 2529 890 2595 scribendum
913 2535 977 2594 est:

503 2655 564 2716 εἶσί
585 2675 668 2725 τινες
691 2657 724 2713 οἳ
744 2652 785 2732 μ’
808 2650 918 2730 ἔλεγον
940 2649 982 2724 ὥς
1005 2649 1278 2734 καταδιηλλάγην,

504 2756 597 2842 ἡνίκα
619 2754 731 2819 Κλέων
752 2755 790 2837 μ’
814 2753 1033 2839 ὑπετάραττεν
1054 2753 1253 2836 ἐπικείμενος

504 2861 558 2922 καί
578 2882 618 2941 με
640 2862 772 2932 κακίσας
795 2859 895 2923 ἔκνισε
918 2858 983 2922 κτλ.

435 2984 503 3047 lam
534 3002 620 3067 ergo,
656 2988 825 3066 postquam
859 2982 1028 3047 verbomm
1061 2980 1219 3065 scriptura
1247 2980 1409 3064 convenit,
1446 2981 1487 3046 de

350 3106 446 3152 sensu
467 3085 559 3151 huius
582 3085 644 3151 loci
668 3106 829 3170 exponere
852 3085 937 3151 licet.
989 3087 1026 3150 In
1051 3105 1112 3168 quo
1136 3083 1377 3150 accusationem
1401 3085 1488 3168 eogi-

350 3191 483 3255 tandam
513 3209 583 3256 esse
612 3189 740 3254 minime
763 3208 929 3274 possumus
953 3188 1131 3254 concedere
1141 3189 1173 3270 ¹).
1219 3189 1307 3253 Beue
1330 3208 1400 3272 rem
1422 3186 1489 3253 iam

350 3295 539 3360 scholiastes
568 3292 741 3377 intellexit,
777 3293 866 3358 cuius
898 3293 999 3358 verba
1030 3291 1175 3357 omnihus
1204 3289 1333 3376 ineptiis
1364 3298 1488 3375 carent,

352 3399 427 3481 quin
457 3398 564 3481 etiarn,
593 3404 628 3463 ut
655 3397 921 3482 supradiximus,
950 3396 1141 3479 dignitatem
1164 3394 1326 3478 quendam
1349 3416 1428 3479 prae
1454 3416 1489 3462 se

351 3505 470 3569 ferunt:
510 3501 645 3588 ἄδηλον,
681 3500 821 3586 πότερον
854 3504 908 3584 τῆς
936 3498 1177 3586 Καλλιστράτου
1210 3500 1255 3572 είς
1284 3498 1341 3583 τὴν
1367 3498 1492 3584 βουλὴν

423 3744 442 3812 ¹)
462 3743 670 3814 Cogitaverunt
690 3748 785 3796 autem
804 3747 920 3811 praeter
939 3756 997 3808 eos,
1016 3743 1065 3811 qui
1081 3740 1297 3812 peregrinitatis
1311 3740 1419 3795 crimen
1432 3742 1490 3797 hcc

350 3834 415 3886 loco
440 3831 617 3901 intelligunt,·
636 3847 735 3885 veram
758 3845 887 3883 caussam
906 3827 961 3882 Th.
979 3827 1076 3898 Bergk
1096 3845 1142 3898 ap.
1161 3827 1247 3882 Mein.
1268 3827 1303 3881 fr.
1322 3825 1361 3882 II.
1379 3847 1409 3897 p.
1428 3829 1490 3896 937,

352 3920 399 3990 qui
424 3919 510 3973 tertio
534 3921 651 3988 poetam
670 3917 699 3968 in
724 3915 858 3969 iudicium
881 3918 1016 3969 vocatum
1037 3931 1098 3968 esse
1117 3931 1151 3967 cx
1169 3913 1224 3968 hoc
1242 3914 1307 3968 loco
1326 3913 1435 3982 effecit,
1462 3921 1491 3970 et

352 4007 446 4060 Julius
465 4005 583 4060 Richter
602 4005 630 4056 in
649 4004 718 4056 edit.
737 4002 822 4071 Vesp.
841 4000 936 4055 Berol.
957 4001 1030 4067 1858,
1050 3999 1098 4070 qui
1117 4000 1154 4053 ad
1172 4017 1213 4056 vs.
1229 4000 1294 4054 1286
1312 3999 1445 4054 breviter
1465 4009 1494 4056 et

352 4093 422 4148 satis
451 4093 588 4146 audacter
616 4089 780 4144 annotavit:
812 4091 930 4155 ,κακίαις
957 4086 1001 4154 (ut
1027 4103 1104 4140 nune
1130 4084 1263 4156 legitur),
1294 4087 1370 4157 quod
1398 4095 1495 4149 κακίας

350 4184 502 4234 aecusatus
525 4177 592 4232 est.“
634 4176 729 4230 Etiam
753 4173 928 4228 Fritzschius
951 4172 1093 4226 nominari
1115 4178 1222 4242 potest,
1244 4173 1293 4244 qni
1317 4175 1348 4226 in
1371 4173 1495 4238 Quaest.

352 4267 439 4322 Arist.
459 4271 526 4320 torn.
546 4265 567 4317 I.
592 4283 618 4333 p.
637 4263 687 4317 299
707 4278 769 4332 sqq.
797 4262 873 4316 hunc
896 4261 1056 4330 Vesperum
1083 4259 1176 4316 locum
1204 4259 1241 4314 ud
1266 4275 1397 4314 caussam
1426 4270 1496 4332 post

350 4351 528 4423 Babylonios
552 4356 646 4404 aetem
669 4348 766 4415 refert,
791 4364 875 4418 quam
899 4363 1030 4400 caussam
1053 4345 1083 4398 in
1101 4341 1328 4415 Aristophanem
1347 4345 1494 4404 intentam

352 4459 414 4495 esse
427 4439 581 4504 existimet,
593 4442 681 4506 atque
700 4436 742 4489 ita
755 4433 878 4504 quidem,
890 4439 922 4487 ut
936 4432 1017 4486 simul
1031 4431 1267 4502 peregrinitatem
1280 4429 1371 4487 Cleon
1383 4441 1493 4503 poetae

353 4526 462 4581 crimini
480 4525 572 4578 daret.
