3140 5266
760 381 972 444 ..50-.

388 572 503 654 Itaque
526 573 644 636 Pacem
674 570 810 653 abipso
834 569 1048 653 Aristophane
1072 570 1182 635 datam
1205 589 1276 634 esse
1300 573 1440 632 constat.

303 673 369 740 Sed
393 675 527 739 alteram
551 693 678 757 quoque
701 673 845 738 fabulam
865 673 979 738 eodem
994 671 1087 737 titulo
1102 671 1289 756 inscriptam
1305 693 1325 737 a
1341 677 1441 756 poeta

304 777 505 843 commissam
533 796 604 842 esse
632 777 768 860 legimus
795 777 828 842 in
858 797 926 858 arg.
952 777 1014 840 III:
1058 778 1194 860 Φέρεται
1222 775 1257 838 ἐν
1285 786 1355 849 ταῖς
1385 774 1441 838 δι-

305 881 495 955 δασκαλίαις
538 880 721 962 δεδιδαχώς
762 880 898 966 Εἰρήνην
941 879 1061 962 ὁμοίως
1106 879 1123 942 ὁ
1160 879 1397 963 Ἀριστοφάνης
1408 881 1441 960 ¹).

305 983 429 1068 ἄδηλον
457 985 528 1062 οὖν,
557 985 656 1069 φησὶν
677 986 923 1072 Ἐρατοσθένης,
956 984 1096 1071 πότερον
1125 984 1183 1069 τὴν
1204 985 1305 1070 αὐτὴν
1327 985 1443 1049 eiusdi-

307 1087 405 1165 δαξεν
426 1093 445 1173 ἢ
466 1086 577 1172 ἑτέραν
598 1092 751 1174 καθῆκεν,
774 1092 841 1174 ἥτις
864 1090 903 1153 οὐ
926 1089 1068 1164 σώζεται.
1103 1088 1228 1173 Κράτης
1250 1093 1360 1170 μέντοι
1379 1087 1444 1152 δύο

307 1191 376 1255 οἵδε
400 1191 551 1277 δράματα
572 1193 708 1277 γράφων
731 1195 848 1266 οὕτως·
872 1192 943 1255 ἀλλ’
966 1191 1026 1256 οὖν
1048 1215 1083 1271 γε
1105 1191 1139 1254 ἒν
1161 1202 1229 1266 τοῖς
1242 1193 1447 1277 Ἀχαρνεῦσιν

305 1299 325 1380 ἢ
346 1296 571 1378 Βαβυλωνίοις
596 1295 672 1380 ἢιὲν
694 1300 730 1382 τῇ
751 1293 844 1381 ἑτέρᾳ
866 1297 994 1382 Εἰρήνῃ.
1039 1297 1092 1358 καὶ
1116 1294 1288 1380 σποράδην
1311 1295 1348 1358 δέ
1369 1319 1447 1358 τινα

307 1399 475 1484 ποιήματα
504 1403 737 1487 παρατίθεται,
769 1403 854 1483 ἅπερ
882 1399 917 1463 ἒν
940 1405 977 1486 τῇ
999 1405 1059 1464 νῦν
1082 1403 1241 1485 φερομένῃ
1265 1401 1323 1462 οὐκ
1346 1399 1446 1462 ἔστιν.
1548 1412 1551 1420 “

305 1503 412 1568 Etiam
441 1505 577 1570 alteram
598 1505 719 1570 Pacem
745 1505 787 1570 ab
814 1503 1030 1588 Aristophane
1060 1504 1130 1588 ipso
1159 1503 1287 1568 doctam
1316 1523 1386 1568 esse
1410 1503 1448 1566 in
1556 1529 1557 1536 ¹

308 1606 495 1673 didascaliis
519 1608 730 1675 Aristotelicis
753 1609 880 1674 videtur
903 1615 1071 1673 exaratum
1093 1607 1201 1673 luisse.
1236 1609 1349 1690 Neque
1366 1627 1447 1672 vcro

307 1711 489 1795 exemplum
512 1711 604 1776 huius
628 1712 815 1778 comoediae
838 1712 870 1776 in
893 1711 1090 1776 bibliotheca
1106 1711 1325 1776 Alexandrina
1348 1711 1449 1775 collo-

309 1819 415 1878 catum
443 1820 522 1898 erat,
551 1815 783 1881 Eratosthenes
813 1813 943 1898 quidem
970 1815 1089 1879 nullum
1105 1803 1245 1879 'videno
1274 1813 1449 1897 invenisse,

309 1920 515 2002 quamobrem
543 1920 675 1985 alterius
697 1919 829 1985 fabulae
853 1924 1076 2001 argumentum
1098 1924 1202 1982 utrum
1225 1917 1310 1982 idem
1332 1917 1450 1981 fuisset

308 2043 349 2086 an
372 2029 580 2089 retractatum
603 2024 671 2088 sive
695 2025 791 2106 plane
815 2023 904 2088 aliud
928 2021 1106 2087 dubitabat.
1153 2018 1345 2102 Pergameni
1368 2039 1450 2084 vero

308 2126 509 2208 grammatici
524 2127 688 2209 utriusque
705 2126 893 2192 comoediae
910 2126 1075 2209 exemplar
1090 2123 1240 2188 videntur
1251 2122 1450 2206 possedisse,
1560 2176 1564 2183 .

308 2229 336 2294 si
365 2231 460 2295 modo
484 2231 606 2296 Crateti
634 2230 714 2296 fides
741 2229 854 2295 haberi
877 2234 992 2315 potest.
1038 2227 1180 2292 Priorem
1206 2226 1351 2292 fabulam
1374 2247 1452 2291 eam
1560 2250 1566 2254 ·

310 2332 418 2416 fuisse,
443 2353 526 2416 qnae
550 2335 594 2398 ad
616 2354 674 2399 nos
696 2334 880 2418 permansit,
904 2332 1111 2398 Eratostheni
1126 2331 1235 2414 utique
1252 2330 1452 2396 credendum

311 2444 369 2520 est,
393 2437 513 2522 quippe
537 2458 631 2519 quem
654 2438 742 2522 apud
757 2438 961 2503 Aristotelem
977 2436 1108 2502 alterius
1123 2435 1219 2500 Pacis
1236 2434 1453 2500 didascaliam

312 2540 355 2604 ad
385 2539 593 2624 posteriorem
621 2561 739 2605 aunum
761 2541 910 2624 positam·
922 2539 1082 2604 invenisse
1105 2539 1206 2604 verba
1229 2538 1297 2602 eius
1320 2538 1453 2603 demon-

312 2650 420 2708 strent.
467 2644 568 2720 Quem
592 2665 710 2709 annum
733 2645 818 2728 quod
841 2645 999 2710 nescimus
1022 2644 1118 2708 valde
1143 2642 1314 2716 dolendum
1338 2647 1421 2711 est..

399 2747 490 2825 erae
525 2769 596 2812 cnm
630 2748 675 2812 ita
703 2748 776 2831 siut,
812 2748 1026 2830 coniecturae,
1059 2767 1142 2828 quae
1174 2747 1353 2829 complures
1376 2752 1453 2809 sunt

312 2853 469 2936 prolatae,
493 2851 623 2935 probari
645 2858 816 2935 nequeunt.
855 2853 1041 2936 Droysenus
1065 2850 1149 2914 enim
1172 2851 1217 2931 (in
1239 2869 1321 2914 vers.
1345 2849 1451 2933 praef.

312 2955 356 3019 ad
378 2957 479 3038 Pac),
509 2954 595 3037 quod
622 2961 770 3020 servatae
799 2955 930 3020 fabulae
960 2974 1035 3038 pars
1064 2953 1168 3021 altera
1198 2954 1295 3017 multo
1319 2952 1454 3017 inferior

313 3065 399 3124 esset
422 3079 518 3141 quam
540 3059 653 3143 prima,
672 3097 708 3105 —
728 3059 814 3141 quod
836 3058 949 3141 negari
970 3079 1033 3123 non
1048 3063 1156 3142 potest
1169 3095 1214 3104 —-
1228 3056 1455 3122 retractationi

314 3161 347 3226 id
371 3161 493 3226 crimini
516 3162 615 3228 dedit.
667 3163 782 3245 Itaque
806 3161 1014 3246 posteriorem
1038 3160 1239 3226 comoediam
1260 3181 1319 3224 nos
1341 3160 1455 3242 legere

315 3265 488 3348 contendit,
524 3287 595 3330 cum
629 3265 767 3350 priorem
798 3265 963 3349 Dionysiis
994 3263 1120 3347 magnis
1153 3263 1230 3328 anni
1252 3265 1315 3328 422
1343 3269 1455 3328 actam

314 3491 378 3528 cum
396 3472 551 3528 Welckero
570 3472 695 3527 libenter
713 3472 860 3527 consentio
880 3471 968 3542 (Ann.
982 3473 1052 3528 Inst.
1071 3472 1148 3526 arch.
1161 3471 1284 3540 XXV.p
1303 3469 1457 3540 251sqa),

317 3565 413 3614 tamen
441 3560 535 3613 vultus
568 3565 673 3628 poetae
707 3577 741 3613 ex
767 3559 823 3613 hac
851 3558 947 3630 effigie
974 3577 1032 3613 non
1059 3559 1131 3614 disci
1158 3576 1209 3628 pro
1239 3563 1317 3612 certo
1347 3557 1455 3613 habeo.

316 3645 519 3715 Aristophanis
538 3648 612 3698 cuim
632 3652 729 3700 aetate
748 3646 859 3717 effigies
876 3647 1021 3700 hominum
1035 3645 1157 3700 Athenis
1175 3645 1236 3698 fere
1256 3645 1351 3698 nullae
1364 3643 1455 3714 finge-

316 3732 435 3800 bantur3
453 3733 563 3801 posteri
575 3749 643 3786 vero
656 3731 791 3800 artifices,
805 3734 853 3786 nbi
868 3733 1028 3787 collocandi
1042 3733 1070 3784 in
1084 3732 1267 3786 bibliothecis
1280 3731 1454 3799 scriptorum

318 3818 429 3888 effigies
453 3836 513 3872 mos
536 3818 723 3887 percrebruit,
748 3837 844 3873 eorum
864 3820 968 3885 vultus,
994 3837 1113 3887 quorum
1132 3835 1217 3873 verae
1236 3817 1374 3886 imagines
1394 3835 1455 3871 non

318 3905 479 3971 exstabant,
499 3905 535 3958 ad
553 3904 701 3959 libidinem
719 3905 773 3959 sihi
791 3906 847 3975 ipsi
860 3906 1104 3974 excogitaverunt.
1132 3905 1235 3975 Itaque
1248 3902 1455 3982 Aristophanis

320 4010 433 4063 quoque
460 3993 618 4046 Menandro
652 3993 786 4047 associati
814 3992 908 4046 vultus
935 3992 1012 4045 haud
1040 3991 1126 4045 dubie
1153 3990 1305 4059 sculptoris
1332 3989 1457 4046 alicuius

318 4079 432 4148 ingenio
452 4079 596 4133 debemus.
622 4079 701 4143 Quae
721 4097 784 4132 cum
802 4079 844 4132 ita
862 4079 927 4145 sint,
946 4078 1001 4133 hac
1020 4077 1116 4148 effigie
1136 4078 1216 4132 abuti
1229 4078 1265 4130 ad
1279 4077 1455 4132 sententiam

318 4183 410 4220 meam
429 4166 608 4236 probandam
626 4183 683 4220 non
702 4183 786 4219 ausus
803 4183 876 4219 sum:
895 4182 961 4218 nam
973 4165 1101 4235 sculptor
1113 4165 1226 4220 calvum
1238 4163 1381 4219 hominem
1395 4182 1456 4218 non

320 4251 468 4320 expressit,
486 4251 537 4305 sed
555 4251 629 4305 bene
648 4255 798 4304 comatum.

392 4353 410 4422 ¹)
430 4353 478 4408 Sic
496 4355 601 4424 legitur
618 4356 648 4408 in
666 4355 729 4410 cod.
742 4355 784 4422 R,
803 4371 896 4423 neque
915 4354 1068 4423 quicquam
1085 4354 1252 4407 mutandum
1266 4358 1316 4406 aut
1327 4353 1456 4418 adicien-

229 4500 231 4505 ,
321 4443 387 4494 dum
412 4445 463 4507 est,
486 4459 548 4494 oum
572 4441 661 4495 verba
679 4442 752 4494 bene
771 4440 983 4510 intelligantur:
1009 4440 1109 4493 docuit
1125 4438 1232 4493 Pacem
1250 4439 1368 4509 pariter,
1387 4438 1457 4497 he.

320 4527 399 4586 nullo
418 4526 536 4586 fabulae
556 4528 654 4586 addito
675 4527 843 4586 discriminis
863 4542 966 4584 caussa
984 4525 1160 4599 cognomine.
