3140 5266
771 364 984 430 ..56-

303 553 411 639 fuisse,
440 553 499 619 sed
527 553 793 617 eremitoriolo
823 553 952 619 doctam
979 573 1060 637 csse,
1094 574 1176 638 quae
1200 556 1301 620 verba
1325 556 1368 620 ab
1392 575 1447 636 eo,

304 657 358 740 qui
389 656 505 741 Vespis
538 656 750 722 didascaliam
783 657 1005 742 praescripsit,
1040 659 1122 724 salso
1156 660 1262 724 relata
1295 664 1369 723 sunt
1400 658 1449 722 ad

303 761 388 826 hanc
421 761 525 844 ipsam
558 759 711 826 fabulam.
764 760 915 826 Attamen
948 762 1012 827 alio
1040 783 1167 844 quoque
1196 783 1303 828 errore
1332 762 1449 828 nescio

305 887 368 948 quo
390 866 474 932 haec
497 864 641 931 confusio
664 871 736 930 orta
758 885 829 932 esse
853 871 969 949 potest.

391 981 484 1044 Duae
518 978 615 1062 igitur
641 985 714 1044 sunt
742 999 891 1062 caussae,
926 978 1041 1061 quibus
1068 979 1194 1062 Vespas
1223 1000 1243 1043 a
1272 978 1448 1043 Philonide

306 1083 532 1150 abiudicantes
554 1081 692 1164 nitimur,
716 1087 749 1146 et
772 1082 907 1147 fulciunt
923 1082 984 1147 hae
1001 1102 1137 1148 caussae
1153 1082 1236 1148 inter
1252 1102 1297 1148 se.
1329 1084 1449 1164 Itaque

306 1186 446 1252 Lenaeis
469 1186 544 1251 anni
566 1187 630 1251 422
654 1185 739 1251 duae
763 1185 950 1252 comoediae
966 1186 1224 1270 Aristophaneae
1248 1192 1344 1251 actae
1361 1193 1449 1267 sunt,

307 1309 439 1372 quarum
467 1291 603 1354 alteram
630 1295 728 1373 pocta
756 1289 835 1374 ipse,
867 1291 1002 1355 alteram
1025 1289 1210 1354 Philonides
1234 1289 1334 1354 dedit.
1381 1289 1450 1354 Cur

306 1393 538 1477 Aristophanes
565 1393 646 1458 duas
673 1392 767 1458 simul
793 1393 922 1458 fabulas
949 1393 982 1456 in
1012 1399 1174 1458 certamen
1198 1392 1450 1458 committendas

308 1495 477 1580 curaverit,
501 1516 627 1580 semper
643 1496 852 1578 ignorabitur.
883 1495 1031 1561 Voluitne
1047 1517 1255 1580 praecavere,
1272 1517 1312 1562 nc
1329 1497 1450 1561 iterum

308 1601 543 1685 exploderetur,
575 1621 646 1666 cum
675 1601 811 1666 alteram
839 1599 982 1665 fabulam
1005 1600 1180 1666 secundum
1203 1599 1450 1666 saltem‘locum

308 1706 452 1772 obtinere
482 1723 615 1770 neccsse
644 1710 739 1786 esset,
768 1704 894 1770 etiamsi
923 1706 1027 1769 altera
1054 1705 1210 1770 caderet?
1254 1706 1450 1770 Instabatne

308 1810 444 1875 fortasse
460 1807 655 1890 Philonides
680 1829 751 1873 cum
774 1815 872 1891 poeta
894 1827 952 1873 suo
974 1809 1100 1874 nominc
1117 1809 1295 1892 Vesperum
1316 1809 1450 1874 chorum

306 1913 372 1978 iam
402 1911 579 1995 petivisset,
611 1917 646 1975 ut
668 1911 846 1993 Proagonis
868 1911 1013 1976 fabulam
1035 1911 1067 1975 in
1090 1911 1215 1976 scriniis
1237 1912 1390 1977 latentem
1415 1919 1452 1978 et

308 2014 472 2099 Dionysiis
494 2014 689 2080 destinatam
712 2014 773 2078 sibi
796 2015 937 2098 cederet,
968 2021 1003 2079 ut
1025 2015 1088 2080 hac
1115 2016 1283 2080 comoedia
1311 2016 1451 2098 gloriam

309 2119 447 2188 Nuhium
485 2119 579 2184 clade
616 2118 850 2184 labefactatam
885 2122 1082 2185 renovaret?
1132 2121 1241 2186 Meroe
1275 2121 1337 2185 hae
1375 2129 1452 2185 sunt

310 2225 528 2307 coniecturae,
558 2224 673 2306 quibus
700 2244 767 2288 rem
798 2223 976 2290 diiudicare
998 2244 1061 2288 non
1085 2224 1199 2289 audeo.
1245 2224 1451 2306 Proagonem

310 2336 417 2394 autem
448 2328 648 2394 comoediam
676 2327 774 2392 fuisse
798 2327 996 2411 aptissimam
1019 2327 1184 2412 Dionysiis
1206 2329 1332 2411 magnis
1355 2349 1451 2393 nemo

310 2431 453 2515 negabit,
477 2452 549 2496 oum
572 2430 659 2496 haud
683 2430 780 2496 dubie
804 2431 1018 2514 prolusionem
1041 2432 1207 2516 Euripidei
1229 2433 1453 2497 nesciocuius

312 2534 490 2620 spectaculi
521 2534 657 2619 pannosi
685 2535 917 2619 Aristophanes
948 2535 1011 2600 hac
1039 2536 1207 2601 comoedia
1233 2537 1318 2600 salse
1345 2543 1378 2601 et
1404 2537 1452 2600 in-

312 2639 443 2722 geniose
474 2639 678 2704 convelleret.
724 2638 927 2722 Quapropter
953 2639 1037 2703 hanc
1061 2639 1262 2704 comoediam
1284 2639 1453 2724 Dionysiis

313 2749 454 2827 apoeta
477 2742 671 2808 destinatam
694 2742 802 2825 fusse,
826 2749 891 2806 tum
915 2763 990 2807 vero
1014 2742 1119 2808 subita
1144 2743 1185 2808 de
1209 2763 1324 2808 caussa
1340 2743 1453 2808 nescio

314 2867 378 2930 qua
410 2846 514 2930 ipsam
548 2864 674 2928 quoque
702 2843 842 2909 Lenoeis
869 2851 977 2910 actam
1005 2865 1075 2911 esse
1105 2845 1174 2911 veri
1205 2845 1357 2912 dissimile
1386 2866 1453 2911 non

313 2951 441 3017 videtur
452 2953 483 3031 ¹).

389 3123 406 3193 ¹)
435 3122 595 3192 Postquam
621 3121 694 3176 haec
721 3123 756 3176 de
778 3121 881 3191 Vespis
907 3127 937 3176 et
960 3122 1112 3192 Proagoue
1140 3123 1335 3192 exposuimus,
1363 3123 1456 3177 liceat

315 3211 397 3265 nobis
432 3209 533 3278 paucis
570 3208 717 3278 disputare
753 3207 808 3261 hoc
843 3206 979 3261 inforiore
1014 3207 1079 3262 loco
1112 3208 1147 3261 dc
1177 3208 1297 3278 Bergkii
1327 3208 1455 3277 quadam

316 3298 491 3351 coniectura.
526 3295 600 3350 Nam
628 3295 705 3364 quod
732 3295 761 3347 in
783 3295 944 3364 Vesparum
968 3295 1127 3349 didascalia
1149 3295 1315 3349 coniectura
1338 3311 1391 3349 nos
1413 3297 1457 3348 in-

316 3383 453 3447 venimus,
473 3399 560 3435 unum
577 3387 694 3450 poetam
714 3381 785 3435 duas
804 3381 967 3436 comoedias
979 3382 1107 3450 agendas
1120 3398 1244 3448 curasse,
1263 3382 1293 3434 id
1305 3381 1335 3433 in
1348 3379 1456 3435 Avium

317 3486 431 3540 quoque
458 3467 618 3522 didascalia
644 3466 785 3536 Berglsius
813 3467 924 3522 statuit.
973 3465 1103 3521 Coniecit
1130 3468 1205 3521 enim
1233 3467 1274 3533 (in
1301 3467 1458 3522 Fritasohii

316 3558 432 3622 Quaest.
460 3555 548 3610 Arist.
575 3561 644 3609 tom.
669 3554 691 3609 Ι.
719 3572 746 3623 p.
764 3553 815 3607 32‘2
843 3559 872 3608 et
899 3553 928 3608 in
955 3553 1029 3608 Rell.
1057 3553 1135 3608 Com.
1163 3552 1225 3608 Art.
1252 3572 1281 3623 p.
1303 3555 1457 3622 368-370)

316 3643 522 3698 comissatores
544 3642 673 3696 fabulam
691 3639 851 3709 Phrynichi
874 3640 971 3708 fuisse,
996 3657 1081 3710 quam
1099 3639 1245 3710 Amipsias
1268 3659 1319 3695 suo
1338 3641 1457 3695 nominc

317 3729 470 3796 docuisset,
488 3747 552 3782 cum
570 3727 751 3796 Phrynichus
770 3726 833 3796 ipsc
846 3725 1048 3795 Monotropum
1067 3727 1158 3779 daret.
1185 3725 1338 3780 Adductus
1357 3732 1456 3780 autern

317 3823 361 3871 cst
389 3816 425 3869 ad
451 3816 527 3868 hanc
554 3815 744 3882 suspicionem
768 3813 875 3866 eisdem
899 3811 959 3867 fere
984 3815 1101 3880 caussis,
1125 3813 1228 3883 quibus
1247 3814 1275 3865 in
1295 3813 1458 3881 Vesparum

318 3903 477 3958 didascalia
495 3918 547 3955 nos
566 3901 610 3954 usi
623 3919 727 3955 sumus.
755 3900 903 3969 Nusquam
917 3900 991 3952 enim
1004 3899 1040 3953 dc
1053 3899 1201 3969 Amipsiac
1215 3899 1459 3954 Comissatoribus

319 3990 472 4061 quicquam
490 3989 605 4058 legitur,
629 3988 706 4057 quod
725 4004 795 4040 sane
813 3987 916 4040 mirum
935 3991 988 4053 est,
1011 4003 1075 4040 oum
1094 3988 1185 4056 primo
1205 3987 1299 4055 pretio
1317 3986 1391 4040 haec
1410 4003 1458 4040 co-

317 4076 430 4134 moedia
449 4081 551 4130 ornata
569 4076 615 4128 sit.
646 4073 754 4128 Contra
772 4073 932 4142 Phrynichi
950 4072 1051 4126 fabula
1069 4074 1170 4130 eodem
1189 4073 1304 4126 nomine
1317 4073 1460 4142 inscripta

319 4163 493 4233 aliquotiens
511 4166 693 4215 memoratur.
730 4160 810 4224 Quae
829 4159 954 4214 comita
973 4158 1039 4223 sint,
1058 4159 1200 4230 Bergkius
1219 4159 1360 4214 conclusit
1376 4159 1459 4212 illam

319 4249 496 4306 comoediam
519 4266 577 4302 una
600 4265 663 4302 cum
682 4245 794 4302 Avibus
818 4254 848 4301 et
869 4248 1042 4315 Monotropo
1066 4247 1095 4298 in
1114 4251 1260 4300 certamen
1279 4246 1461 4300 commissam

319 4336 477 4406 Phrynichi
501 4352 573 4403 esse,
596 4351 653 4389 non
677 4332 832 4403 Amipsiac.
874 4335 1026 4404 Ingeniose
1049 4333 1104 4386 hoc
1124 4350 1140 4386 a
1158 4333 1220 4388 viro
1240 4333 1326 4387 docto
1346 4333 1461 4401 excogi-

320 4429 412 4477 tatum
436 4437 497 4476 csse
519 4420 732 4475 concedendum
751 4425 804 4488 est,
827 4437 920 4491 neque
939 4422 1034 4487 miror,
1058 4419 1134 4488 quod
1153 4418 1314 4472 Meinekius
1333 4419 1362 4472 in
1382 4417 1460 4472 Hist.

320 4508 383 4566 crit.
405 4525 432 4582 p.
454 4507 502 4564 155
527 4508 603 4563 hane
630 4507 823 4562 coniecturam
852 4506 1060 4579 comprobavit.
1109 4505 1224 4560 Etenim
1248 4505 1317 4558 mihi
1343 4520 1461 4576 quoq-ue
