3140 5266
573 357 785 420 ..55-

1 531 2 572 ³
106 543 137 607 si
170 543 203 607 in
236 544 417 608 universnm
450 544 590 628 iudicas,
630 545 757 609 luerunt
791 546 947 630 Lenaeis,
986 547 1052 612 alia
1085 547 1248 631 Dionysiis

105 647 250 731 magnis,
288 647 403 730 quibus
439 647 528 713 multi
567 648 647 714 socii
687 654 720 714 et
758 649 919 734 peregrini
952 651 1098 718 ludorum
1131 673 1248 718 caussa

105 751 255 817 Athenas
278 751 523 818 conveniebant.

195 854 263 920 Sed
285 855 406 922 reiecto
421 855 564 921 Richteri
588 855 756 922 conamine
770 855 835 920 iam
854 857 960 924 acrius
975 857 1074 924 instat
1090 859 1247 942 quaestio,

106 959 163 1041 qui
200 958 332 1024 tandem
369 958 477 1024 verbis
514 958 714 1024 didascalice
750 959 913 1026 medelam
949 963 1137 1046 afferamus,
1176 984 1248 1028 cum

1 1065 2 1146 j
105 1063 294 1128 Philonides
316 1083 413 1128 unum
435 1069 559 1128 tantum
581 1062 712 1128 chorum
734 1062 906 1147 impetrare
930 1064 1079 1149 potuerit.
1112 1065 1248 1143 Quodsi

105 1175 196 1232 recte
219 1187 318 1252 supra
340 1166 573 1251 disputavimus
596 1165 637 1231 de
660 1173 759 1251 poeta
781 1173 814 1232 et
837 1167 877 1232 de
901 1167 1033 1252 vicario,
1061 1169 1249 1234 facillimum

1 1355 2 1358 Ἴ
106 1271 171 1335 hoc
186 1277 236 1336 est
250 1270 423 1354 negotium,
441 1292 511 1336 cum
527 1291 568 1335 ex
584 1269 640 1354 eis,
657 1291 741 1352 quae
757 1270 801 1336 ibi
818 1272 1031 1357 exposuimus,
1049 1294 1248 1356 consequens

106 1376 165 1458 sit,
201 1381 235 1440 ut
268 1375 339 1458 ipse
368 1373 600 1458 Aristophanes
633 1393 691 1439 suo
725 1373 851 1440 nomine
881 1375 1007 1460 Vespas
1034 1376 1068 1442 in
1094 1397 1247 1442 scaenam

106 1478 311 1546 commiserit.
341 1479 426 1546 Nam
448 1483 481 1544 et
504 1483 572 1542 tota
595 1477 766 1562 parabasis
788 1485 821 1543 et
844 1479 931 1544 chori
948 1501 1058 1545 versus
1076 1483 1160 1548 1284
1174 1500 1244 1564 sqq.

105 1584 141 1648 in
175 1583 363 1648 enarrandis
389 1582 614 1667 Aristophanis
646 1582 743 1648 rebus
775 1590 952 1668 versantur,
988 1605 1087 1667 quare
1115 1584 1246 1650 chorum

106 1687 199 1772 posci
222 1707 303 1770 opus
324 1686 386 1751 luit
407 1687 449 1752 ab
472 1687 542 1771 ipso
565 1692 673 1771 poeta,
702 1693 737 1752 ut
759 1707 779 1750 a
802 1707 962 1770 praecone
986 1709 1096 1754 coram
1118 1695 1245 1774 specta-

106 1791 231 1856 toribus
263 1791 449 1857 nominatim
482 1792 710 1874 appellaretur.
760 1790 795 1855 Si
824 1791 1009 1857 Philonides
1037 1793 1163 1877 Vespas
1191 1793 1246 1858 do-

108 1895 237 1978 cuisset,
272 1894 442 1978 parabasis
475 1893 610 1977 intelligi
644 1895 676 1958 in
710 1894 837 1960 theatro
871 1915 999 1980 prorsus
1033 1916 1096 1961 non
1127 1897 1244 1980 potuit,

107 2008 206 2084 atque
241 1999 408 2064 ridiculum
442 1998 564 2080 luisset,
598 1999 625 2063 si
652 1999 884 2083 Aristophanes
918 1999 959 2064 de
993 2000 1151 2083 prioribus
1180 2001 1246 2066 suis

1 2129 2 2142 ¹
108 2105 284 2172 comoediis
318 2105 423 2170 alieno
457 2105 583 2169 nomine
618 2104 793 2170 commissis
827 2103 1028 2188 exposuisset
1062 2105 1094 2169 in
1123 2105 1245 2190 fabula,

1 2231 2 2238 ¹
107 2231 193 2295 quae
217 2210 289 2294 ipsa
312 2209 417 2274 alieno
441 2208 567 2274 nomine
589 2208 622 2272 in
645 2228 797 2272 scaenam
820 2207 1033 2274 induceretur.

195 2315 265 2378 Hoc
300 2313 461 2395 quondam
489 2319 521 2376 et
548 2311 694 2376 Rankius
722 2318 943 2396 perspexerat,
978 2310 1033 2394 qui
1060 2313 1176 2377 eadem
1204 2312 1245 2376 de

107 2437 226 2484 caussa
249 2419 427 2499 Vesperum
451 2415 704 2481 commissionem
724 2415 931 2499 Aristophani
953 2416 1137 2482 restituerat
1159 2416 1246 2480 nisus

107 2542 236 2604 quoque
266 2522 349 2604 lege,
381 2540 478 2602 quam
505 2519 700 2602 vocavimus
730 2519 1019 2602 grammaticorum.
1066 2521 1147 2584 Tum
1170 2539 1246 2583 vero

107 2648 162 2710 ap.
179 2625 274 2690 Mein.
298 2645 375 2709 pag.
392 2624 536 2688 XXXIX
559 2623 718 2688 sententia
733 2629 857 2688 mutata
873 2622 1085 2688 didascaliam
1101 2622 1247 2687 laudavit

1 2805 2 2820 χ
107 2737 143 2794 et
176 2735 343 2812 utramque
377 2728 520 2793 fabulam
554 2748 574 2791 a
608 2727 776 2793 Philonide
811 2727 940 2792 doctam
972 2746 1042 2792 esse
1072 2726 1245 2792 contendit.

107 2835 201 2916 Lege
228 2833 285 2896 illa
311 2832 601 2915 grammaticorum,
630 2853 695 2914 qua
716 2831 877 2896 Rankium
906 2831 1067 2915 quondam
1094 2831 1247 2896 conlisum

108 2956 182 3001 esse
209 2936 305 3001 modo
334 2934 410 3018 dixi,
437 2935 470 2998 in
499 2936 635 3000 eandem
659 2933 850 3001 sententiam
872 2936 1064 3000 Petersenus
1088 2934 1245 3000 adhibuit.

107 3042 195 3108 Nam
230 3060 301 3104 com
329 3039 562 3123 Aristophanes
595 3039 723 3103 fabulas
752 3038 901 3123 politicas
927 3038 1087 3103 Philonidi
1118 3038 1247 3103 dedisse

109 3165 175 3208 non
198 3143 415 3228 perhibeatur,
439 3143 488 3206 vir
511 3142 624 3207 doctus
640 3143 775 3226 VespaS,
801 3143 920 3227 quippe
937 3163 1008 3206 cum
1024 3141 1065 3207 sit
1082 3142 1249 3208 comoedia

109 3248 259 3334 politica,
295 3247 337 3311 ab
370 3246 432 3311 hoc
466 3245 674 3310 abiudicavit.
731 3247 843 3328 Neque
878 3265 954 3310 vero
988 3245 1021 3308 in
1055 3246 1117 3310 hac
1150 3267 1184 3310 re
1220 3245 1250 3309 ei

109 3349 261 3418 assentiri
284 3371 422 3435 possum,
447 3349 523 3431 quia
546 3349 630 3414 hanc
653 3350 768 3431 legem,
793 3355 827 3414 ut
846 3349 895 3414 bis
910 3349 975 3414 iam
990 3349 1107 3432 monui,
1131 3348 1250 3413 Aristo-

108 3457 236 3542 phanes
274 3455 334 3520 sibi
369 3454 437 3538 ipse
471 3460 558 3518 certe
592 3474 655 3517 non
689 3453 847 3536 imposuit,
888 3453 946 3518 sed
981 3453 1183 3535 grammatici
1217 3452 1250 3517 in

108 3561 294 3626 universum
318 3558 498 3623 iudicantes
518 3556 717 3621 hauddubie
735 3578 752 3621 e
769 3557 886 3621 fabulis
903 3557 1110 3638 collegerunt.
1143 3556 1249 3632 Quare

110 3666 176 3730 hac
203 3665 276 3746 lege
304 3662 384 3726 fides
412 3660 662 3726 didascaliarum
689 3660 816 3725 minime
841 3661 938 3725 debet
961 3659 1162 3724 labefactari.
1208 3661 1250 3723 At

111 3767 264 3852 quoniam
298 3765 369 3830 aliis
403 3764 525 3829 caussis
552 3764 730 3848 Vesparum
762 3764 1014 3829 commissionem
1043 3763 1248 3848 Aristophani

111 3873 175 3957 ipsi
198 3873 337 3936 tribuere
361 3868 514 3954 cogimur,
538 3870 730 3934 Petersenus
754 3869 838 3932 falsa
861 3868 914 3932 via
938 3865 982 3931 ad
1004 3887 1114 3932 verum
1130 3866 1250 3932 exitum

111 3975 270 4062 pervenit.
316 3976 430 4056 Itaque
461 3973 561 4038 verba
593 3971 649 4035 διὰ
682 3970 878 4044 Φιλωνίδου,
911 3991 994 4053 quae
1023 3969 1119 4035 bodie
1149 3970 1181 4034 in
1205 3969 1250 4035 di-

112 4078 260 4145 dascalia
290 4078 447 4160 leguntur,
476 4075 566 4141 uncis
597 4075 727 4140 seclusit
754 4080 788 4138 ut
816 4073 1043 4158 expungenda,
1073 4094 1137 4155 qua
1160 4074 1193 4138 in
1215 4094 1249 4138 re

114 4205 187 4250 cum
221 4203 259 4248 eo
288 4181 460 4246 consentio.
518 4179 683 4257 Quomodo
718 4179 800 4243 haec
834 4178 933 4243 verba
967 4177 1161 4261 irrepserint,
1196 4176 1250 4240 vix

113 4293 220 4373 potest
244 4285 428 4368 diiudicari,
459 4284 536 4350 licet
557 4284 695 4348 fortasse
719 4281 864 4347 conicere
888 4281 1093 4346 Aristotelem
1115 4279 1146 4343 in
1169 4280 1249 4344 libro

114 4413 172 4458 suo
206 4390 247 4456 de
276 4389 456 4455 actionibus
486 4387 615 4472 scripto,
645 4394 815 4472 postquam
841 4387 927 4451 banc
956 4384 1167 4450 didascaliam
1198 4406 1250 4450 ex·

115 4494 232 4578 hibuit,
270 4493 382 4579 paucis
417 4492 535 4560 dixisse
570 4493 771 4575 Proagonem
804 4490 1074 4574 Aristophaneam
1107 4488 1250 4554 fabulam
