3140 5266
550 315 763 382 ..49..

13 575 14 592 ¹
99 502 184 580 Quae
214 503 257 570 ad
285 523 343 570 nos
370 503 547 589 permansit
568 503 709 572 Nubium
737 503 906 570 comoedia
929 509 978 570 est
1000 503 1113 588 altera,
1144 521 1227 585 quae

13 603 15 652 i
98 613 233 692 vocatur,
267 607 424 692 recensio,
459 627 542 690 quae
572 606 763 692 imperfecta
798 613 944 692 apoeta
970 607 1084 674 relicta
1110 627 1131 671 a
1157 603 1229 670 111111

97 711 243 778 videlieet
266 711 356 780 edita
380 718 439 778 est.

179 814 352 882 Consilium
376 822 484 882 autem
506 815 605 882 fuisse
620 821 739 900 poetae
755 815 894 882 docendi
916 835 973 882 suo
989 815 1089 900 ipsius
1104 812 1229 880 nomine

13 915 15 944 '
97 917 230 982 Nubium
253 925 465 984 retractatam
488 919 633 986 fabulam
656 917 848 985 documento
871 924 920 984 est
935 918 1067 984 alterius
1082 916 1231 982 editionis

97 1021 262 1102 parabasis
286 1027 345 1104 (vs.
367 1025 431 1088 518
453 1027 547 1108 spa),
571 1022 603 1088 in
628 1023 756 1106 quade
779 1043 814 1088 se
837 1041 959 1104 suaque
984 1021 1086 1106 prima
1108 1039 1231 1086 comoe-

97 1125 158 1206 dia,
181 1146 278 1208 quam
302 1125 496 1210 exposuerit,
523 1127 625 1192 verba
648 1126 737 1210 fecit,
761 1146 845 1208 quae
868 1124 1004 1208 intelligi
1027 1125 1113 1190 nullo
1136 1123 1231 1189 modo

97 1249 221 1312 prorsus
254 1229 444 1313 potuissent,
478 1229 538 1294 nisi
572 1228 642 1314 ipse
678 1229 807 1295 chorum
838 1228 990 1294 inducere
1021 1248 1041 1294 a
1071 1245 1231 1311 praecone

13 1355 15 1384 ι
97 1353 202 1398 coram
227 1333 466 1417 spectatoribus
496 1333 586 1398 clara
616 1351 695 1399 voce
719 1333 822 1398 iussus
850 1339 944 1414 esset,
973 1329 1004 1396 h.
1028 1351 1056 1396 1.
1080 1330 1140 1396 nisi
1163 1330 1232 1414 ipse

13 1475 15 1498 ι
97 1437 223 1503 chorum
254 1437 432 1522 petivisset.
482 1437 577 1502 Hanc
606 1441 716 1502 autem
739 1435 915 1519 parabasin
938 1433 1070 1500 alterius
1093 1453 1163 1500 esse
1186 1453 1234 1500 rc·

97 1541 254 1606 censionis
281 1547 314 1606 et
345 1563 386 1606 ex
413 1541 486 1626 ipsa
514 1540 676 1625 discimus,
708 1559 780 1606 eum
802 1548 900 1624 poeta
922 1537 1159 1624 spectatoribus
1181 1557 1235 1603 cx-

13 1701 14 1704 ,
96 1647 235 1730 probret,
259 1645 347 1728 quod
369 1646 474 1730 priore
497 1646 661 1731 repulsam
683 1643 801 1728 tulerit,
825 1650 858 1710 et
879 1643 1014 1726 legimus
1037 1641 1070 1707 in
1092 1661 1161 1724 arg.
1180 1641 1234 1724 Vl,

97 1750 185 1815 cuius
206 1749 345 1834 scriptor
368 1756 520 1816 accurate
544 1749 585 1816 (11
607 1748 841 1816 retractatione
865 1747 1027 1830 exposuit3
1051 1765 1156 1828 neque
1172 1765 1235 1810 non

97 1860 166 1918 sunt
210 1853 394 1919 testimonio
432 1874 544 1920 versus
585 1853 646 1936 1111,
692 1851 748 1935 qui
781 1852 822 1918 de
856 1851 1023 1935 Eupolidis
1057 1849 1235 1918 Maricante

96 1958 254 2041 leguntur,
284 1955 403 2041 quippe
427 1976 511 2039 quae
536 1955 704 2023 comoedia
727 1974 812 2022 anno
835 1953 974 2036 denique
996 1955 1062 2022 420
1084 1953 1162 2020 data
1185 1953 1234 2018 sit.

96 2061 201 2144 Atque
232 2060 265 2126 hi
292 2080 414 2143 versus,
444 2060 469 2126 si
503 2060 573 2143 quis
596 2059 786 2142 argumento
809 2058 837 2123 V
860 2057 997 2124 confisus
1018 2056 1237 2124 recensionem

96 2171 244 2249 apoeta
273 2162 462 2248 perfectam,
497 2162 778 2246 grammaticorum
812 2160 853 2226 (11
887 2159 1075 2228 didascaliis
1102 2160 1237 2226 alteram

95 2270 124 2335 N
127 2269 236 2334 ubium
259 2267 421 2334 actionem
436 2287 500 2332 non
516 2267 743 2334 exhibentibus
759 2264 941 2331 testimonia
957 2264 1044 2330 nulla
1058 2263 1122 2330 fide
1139 2262 1238 2346 digna

13 2449 15 2462 ⁸
97 2393 169 2438 csse
197 2370 387 2455 contendat,
423 2391 519 2454 quarn
550 2370 733 2455 opinionem
759 2369 957 2453 protulerunt
984 2367 1108 2433 Stlvcrn
1139 2351 1239 2448 (iiber

96 2476 192 2541 Arist.
216 2475 367 2542 Wolkeu.
396 2475 616 2557 cerebram)
647 2480 680 2540 11
707 2473 744 2538 Ε.
769 2473 932 2539 Brentano
960 2469 1162 2554 (Untersuch.
1185 2471 1237 2536 tlh.

97 2580 126 2644 d.
151 2578 275 2662 griech.
299 2578 431 2643 Drama.
460 2577 590 2643 Franci.
609 2578 715 2660 1811),
740 2596 811 2642 cum
833 2575 887 2641 ille
911 2573 1111 2640 comoediam
1133 2593 1238 2658 paene

21 2747 26 2752 .
96 2705 162 2748 non
200 2687 359 2748 mutatam
393 2683 507 2748 iterum
541 2682 574 2747 in
609 2701 762 2756 scaenam
798 2679 963 2745 inductam
997 2698 1067 2744 esse
1103 2683 1241 2762 putaret,

97 2789 262 2852 Brentano
280 2786 361 2851 duas
377 2786 506 2852 fabulas
522 2805 651 2870 prorsus
668 2783 812 2850 diversas
829 2783 942 2849 doctas
958 2801 1029 2848 esse
1046 2781 1239 2868 opinaretur,

13 2893 14 2908 ¹
99 2913 140 2956 ex
165 2891 281 2973 quibus
297 2890 549 2975 Byzantinorum
571 2888 768 2975 temporibus
791 2887 888 2954 tertia
904 2885 1129 2952 consarcinata
1146 2893 1240 2970 esset,

99 3015 186 3076 quae
217 2993 261 3059 ad
291 3014 349 3060 nos
376 2992 589 3078 pervenisset:
625 2991 667 3076 hi,
695 2991 835 3076 inquam,
867 2990 906 3056 (11
930 2989 1108 3056 Maricante
1131 3009 1242 3057 versus

100 3104 192 3164 certo
227 3104 365 3180 arguunt
395 3117 534 3162 errorem
563 3095 774 3180 grammatici,
811 3094 865 3177 qui
894 3094 926 3158 in
956 3093 1077 3178 arg.V
1108 3095 1243 3162 alteram

98 3200 243 3269 Nubium
273 3200 493 3266 recensionem
521 3199 665 3283 proximo
696 3218 780 3263 anno
803 3197 931 3262 Aminia
961 3197 1114 3264 archonte
1138 3204 1244 3264 actam

99 3326 175 3372 esse
199 3305 336 3390 scripsit,
362 3326 433 3371 eum
456 3304 622 3372 eonsilium
644 3309 763 3388 poetae
786 3322 844 3386 pro
868 3302 956 3369 sacto
979 3302 1124 3369 haberet.

191 3411 228 3476 In
253 3409 478 3476 enumerandis
501 3408 620 3474 fabulis
642 3427 727 3472 nunc
749 3406 934 3472 accedimus
958 3406 1002 3472 ad
1025 3405 1245 3488 quaestionem

13 3499 15 3584 ἶ
100 3515 188 3580 inter
221 3533 346 3598 paucas
380 3513 553 3596 difficilem,
590 3531 673 3593 quae
709 3509 749 3574 de
780 3509 960 3593 Vesparum
993 3508 1173 3574 didascalia
1201 3508 1246 3573 in-

13 3679 14 3694 ,
101 3617 270 3684 stituenda
293 3624 353 3684 est.
385 3617 476 3682 Anno
501 3615 586 3681 enim
607 3613 799 3698 insequenti,
824 3613 879 3697 qui
902 3612 962 3678 fuit
985 3632 1087 3678 annus
1103 3613 1143 3678 ol.
1161 3613 1246 3696 89,2

13 3715 14 3748 ³
102 3721 244 3788 ve1422
268 3742 298 3787 1.
323 3721 380 3786 Ch.
404 3742 446 3804 n.,
469 3719 652 3786 fabularum
675 3723 875 3784 servatarum
897 3723 973 3784 acta
996 3724 1045 3783 est
1068 3717 1247 3801 Vesparum

105 3825 286 3910 comoedia,
304 3824 393 3890 cuius
408 3823 491 3888 haec
508 3829 615 3888 exstat
629 3822 822 3888 didascalia:
839 3819 1005 3904 ἐδιδάχθη
1020 3819 1075 3882 ἐπὶ
1092 3821 1248 3906 ἄρχοντος

103 3932 271 4012 ’Apurios
307 3927 363 3990 διὰ
396 3925 580 3990 Φιλωνίδου
607 3924 641 3989 ἒν
670 3930 708 4012 τῇ
736 3923 831 3988 πόλει
862 3921 1044 4005 ὀλυμπιάδι
1072 3921 1102 4004 β’
1126 3921 1176 4008 ἦν,
1204 3924 1248 3996 εἰς

13 4033 15 4098 l
104 4035 247 4120 Λήναια.
301 4032 354 4093 καὶ
389 4029 477 4095 ἐνίκα
511 4034 639 4115 πρῶτος
676 4026 854 4111 Φιλωνίδης
889 4026 1080 4113 Προάγωνι,
1115 4028 1249 4089 Λευκῶν

13 4153 14 4218 r
105 4139 265 4224 Πρέσβεσι
294 4135 334 4214 γ’.
385 4133 526 4198 Exhibui
553 4131 725 4198 lectionem
753 4131 874 4196 codicis
903 4127 1117 4214 Ravennatis,
1153 4148 1249 4211 quam

13 4227 14 4280 1
105 4240 223 4306 misere
266 4244 449 4322 corruptam
488 4243 521 4302 et
560 4235 774 4320 depravatam
811 4255 882 4302 esse
915 4235 968 4300 vel
1001 4233 1102 4319 primo
1137 4232 1250 4298 obtutu

106 4350 258 4430 apertum
285 4347 344 4425 est,
373 4361 478 4424 neque
505 4340 538 4404 in
567 4339 639 4404 aliis
670 4339 758 4404 libris
785 4340 887 4406 verba
916 4357 980 4403 non
1008 4335 1138 4422 perdita
1167 4342 1249 4401 sunt.

105 4448 272 4516 Restituta
300 4452 373 4512 sunt
399 4446 538 4511 virorum
568 4444 733 4510 doctorum
763 4443 905 4510 sollertia
933 4441 966 4506 in
992 4441 1077 4506 hanc
1100 4439 1250 4507 formam:

162 4557 257 4612 Beier,
277 4558 311 4603 De
325 4556 461 4603 Callistrato
475 4560 499 4600 et
513 4555 642 4602 Philonide.
1025 4564 1042 4614 4
