3140 5266
822 389 1038 454 -3·2...

364 580 471 642 essent
492 575 744 661 Atheniensium,
767 577 854 642 bona
875 577 938 642 sibi
960 582 1172 661 compararet.
1222 578 1337 659 Itaque
1360 597 1399 642 ne
1422 577 1505 641 mihi

364 679 492 762 quidem
515 679 682 764 satisfecit,
705 679 895 764 praesertim
919 701 990 746 oum
1012 702 1080 746 rem
1102 688 1169 746 tam
1187 679 1384 766 implicatam
1400 679 1503 746 fuisse
1544 741 1545 772 ,

363 782 496 848 credere
528 805 592 849 uon
624 783 752 868 possim.
805 784 944 850 Proinde
977 785 1171 851 retineamus
1200 785 1376 869 simplicem
1403 784 1504 849 inter·
1544 783 1545 800 ¹

363 886 583 970 pretationem.
635 886 836 952 Callistratus
870 888 1000 954 colonus
1030 887 1089 953 fuit
1117 887 1279 971 Aeginae,
1313 888 1348 953 id
1374 888 1503 954 sciebat

361 990 593 1074 Aristophanes
617 997 649 1056 et
672 991 734 1056 hac
756 1012 790 1056 rc
814 997 981 1056 contentus
1004 991 1061 1057 illa
1083 992 1159 1076 alia,
1183 997 1277 1076 prout
1299 1013 1318 1058 e
1341 1011 1374 1058 re
1395 997 1502 1075 erant,

361 1094 422 1159 sibi
456 1095 525 1179 ipsc
553 1093 652 1159 firrxit.
705 1094 776 1172 Qua
805 1094 838 1159 in
867 1114 902 1160 re
928 1095 1027 1160 nimia
1057 1116 1128 1161 eum
1151 1115 1228 1161 eura
1251 1101 1307 1160 aut
1330 1095 1501 1178 diligentia

362 1197 517 1263 comicum
544 1204 674 1282 poetam
702 1198 807 1280 egisse
830 1219 893 1262 uon
916 1197 1070 1264 debemus
1092 1204 1216 1284 putare.
1265 1199 1350 1266 Nam
1373 1198 1501 1264 etiamsi

362 1301 466 1368 insula
488 1301 655 1384 Aeginetis
684 1301 813 1367 reddita
841 1308 936 1386 esset,
968 1321 1058 1385 spem
1085 1285 1363 1368 Lacedaemonios
1390 1309 1500 1367 tamen
1545 1371 1546 1394 ,

363 1405 572 1490 decepturam
594 1405 702 1490 fuisse,
727 1425 799 1470 cum
822 1411 920 1489 poeta
941 1406 1071 1472 colonus
1085 1405 1231 1472 Athenas
1251 1406 1410 1490 rediisset,
1434 1405 1500 1471 iam

362 1510 444 1576 hene
475 1508 641 1594 perspexit
667 1508 765 1575 schol.
790 1509 834 1575 ad
856 1509 995 1576 tham.
1019 1530 1066 1575 vs.
1090 1511 1170 1576 654:
1205 1509 1303 1574 οὐδὲν
1326 1510 1362 1573 δὲ
1383 1509 1499 1572 ἐκώλυε

361 1614 413 1676 καὶ
451 1611 587 1699 ἑτέρωθι
626 1613 836 1699 συγγράφειν,
871 1614 900 1675 εἰ
932 1613 999 1677 ὑπὸ
1033 1611 1317 1695 Λακεδαιμονίους
1350 1613 1369 1698 ἡ
1403 1617 1499 1698 νῆσος

360 1715 509 1797 ἐγεγόνει.
540 1716 607 1782 Sed
623 1716 779 1782 eiusmodi
794 1715 988 1782 subtilitates
1002 1737 1064 1782 neo
1079 1715 1219 1782 comicus
1234 1721 1333 1800 poeta
1348 1716 1497 1800 respicie-

360 1822 419 1886 bat
440 1841 501 1886 neo
523 1821 628 1886 laetus
650 1820 787 1904 populus
809 1820 875 1884 tale
898 1818 1021 1902 aliquid
1042 1819 1076 1884 in
1097 1819 1224 1885 theatro
1244 1820 1426 1885 laborabat.
1456 1820 1498 1883 Et
1546 1821 1547 1886 l

360 1924 526 1990 credemus
549 1924 666 1990 amabo
689 1945 802 1988 revera
819 1929 884 1988 tum
899 1923 1178 1989 Lacedaemonios
1194 1944 1310 2008 paoem
1325 1923 1497 1989 Athenien-

359 2028 447 2093 sibus
469 2028 622 2093 obtulisse
646 2034 679 2093 et
693 2027 852 2111 Aeginam
872 2028 1085 2111 repetivisse?
1119 2029 1270 2094 Attamen
1286 2027 1369 2093 haec
1385 2027 1496 2095 comici

358 2132 444 2198 fictio
467 2153 545 2198 sane
569 2137 676 2216 potest
697 2131 828 2197 tolerari
850 2139 948 2215 atque
972 2132 1071 2198 etiam
1093 2131 1239 2216 intelligi,
1264 2153 1336 2197 cum
1358 2132 1433 2198 inde
1454 2132 1494 2197 ab

359 2236 448 2302 initio
471 2235 548 2302 belli
563 2235 830 2321 Peloponnesiaci
846 2234 1125 2303 Lacedaemonios
1147 2236 1233 2301 hanc
1247 2237 1494 2320 postulationem

358 2360 531 2423 numquam
553 2340 711 2406 abiecisse
728 2347 979 2406 cousentaneum
995 2340 1044 2404 sit.
1076 2341 1189 2422 Neque
1205 2359 1282 2406 vero
1298 2339 1375 2405 licet
1390 2346 1494 2406 certas
1547 2373 1548 2386 ν

359 2444 400 2509 de
423 2465 505 2528 pace
529 2443 779 2509 deliberationes
802 2443 956 2528 cogitare,
981 2462 1053 2508 eum
1074 2448 1150 2508 tunc
1172 2443 1325 2527 temporis
1349 2442 1390 2508 de
1412 2463 1492 2527 pace

358 2552 466 2613 actum
489 2567 551 2612 non
574 2546 624 2612 sit.
655 2547 764 2612 Verba
786 2553 895 2613 autem
917 2565 1017 2629 usque
1041 2545 1084 2611 ad
1100 2567 1218 2612 annum
1231 2547 1294 2612 431
1310 2547 1492 2612 revocanda

359 2671 439 2736 esse,
468 2652 554 2736 quod
583 2652 620 2717 A.
644 2651 758 2716 Muller
788 2657 820 2716 et
848 2651 897 2716 W.
921 2649 1070 2716 Ribbeck
1098 2650 1303 2716 coniecerunt
1331 2650 1376 2733 (in
1403 2651 1488 2716 editt.
1548 2637 1549 2724 l

358 2755 402 2822 ad
424 2775 470 2822 vs.
494 2758 580 2839 653),
608 2774 672 2819 non
702 2761 751 2821 est
781 2754 950 2838 credibile,
980 2774 1053 2819 oum
1074 2753 1167 2819 nimis
1189 2754 1319 2837 longum
1342 2754 1489 2839 temporis
1548 2733 1549 2816 l

356 2859 496 2944 spatium
517 2859 650 2944 intersit,
675 2879 869 2942 quamquam
890 2858 952 2924 hoo
975 2878 1059 2923 anno
1082 2857 1190 2942 paullo
1213 2864 1289 2924 aute
1311 2858 1390 2924 belli
1411 2859 1488 2944 prin·
1542 2853 1549 2906 .'

358 2963 475 3048 cipium
497 2963 655 3045 Aeginam
678 2983 698 3027 a
720 2961 990 3028 Lacedaemoniis
1011 2961 1183 3045 repetitam
1198 2981 1269 3028 esse
1285 2961 1488 3048 Thucydides

358 3066 529 3132 memoriae
563 3065 704 3151 prodidit
717 3068 748 3148 ¹).
804 3067 918 3148 Neque
951 3064 1076 3130 Mulleri
1111 3065 1351 3148 Strttbingensis
1385 3067 1485 3152 opinio

358 3169 488 3254 probari
510 3175 625 3254 potest,
657 3168 711 3252 qui
742 3169 807 3250 (Ar.
831 3189 907 3253 pag.
932 3170 995 3233 574
1018 3171 1104 3251 anu.)
1135 3169 1178 3234 ad
1199 3189 1318 3245 annum
1338 3171 1405 3235 430
1425 3170 1486 3235 Ari-

356 3272 521 3357 stophanis
555 3273 655 3338 verba
688 3272 797 3338 retulit
831 3271 885 3355 (cf.
909 3271 1011 3337 Thuc.
1039 3273 1080 3336 Π.
1110 3273 1161 3356 59,
1186 3273 1228 3354 2).
1279 3272 1323 3336 At
1348 3293 1390 3337 ne
1414 3293 1485 3358 opus

358 3376 487 3459 quidem
510 3382 559 3441 est
582 3383 670 3442 certa
693 3375 888 3459 definitione,
913 3396 984 3440 eum
1007 3376 1073 3440 tale
1095 3375 1218 3458 aliquid
1241 3375 1325 3440 omni
1348 3381 1485 3462 tempore

356 3480 399 3546 ab
422 3479 669 3546 Atheniensibus
691 3478 774 3545 bene
797 3478 1072 3562 intelligeretur2).

442 3602 556 3684 Itaque
589 3607 624 3665 ut
656 3599 797 3666 breviter
824 3619 891 3664 rem
921 3598 1239 3683 comprehendamus,
1276 3599 1486 3666 Callistratum

355 3709 487 3788 propter
512 3703 709 3788 Babylonios
737 3709 925 3768 accusatum
954 3723 1034 3786 esse,
1069 3702 1287 3768 Callistratum
1313 3702 1430 3785 ubique
1455 3703 1485 3768 in

355 3807 614 3872 Achamensibus
642 3805 885 3889 intelligendum
914 3825 984 3871 esse
1012 3805 1226 3889 probavimus.
1272 3805 1389 3870 Verum
1411 3826 1484 3890 opus

356 3916 405 3976 est
428 3910 471 3975 ad
494 3915 669 3976 extremum
691 3909 804 3994 paucis
825 3909 973 3975 refellere
989 3929 1105 3973 novam
1122 3908 1284 3991 quandam
1300 3908 1484 3993 opinionem,

356 4033 452 4097 quam
473 4033 575 4097 nuper
597 4013 727 4097 protulit
749 4014 952 4079 Hermannus
967 4012 1083 4078 Ltlbke
1099 4013 1119 4076 l.
1136 4012 1156 4077 l.
1173 4032 1249 4096 pag.
1268 4013 1317 4078 16.
1347 4012 1483 4095 Negavit

428 4253 446 4323 ¹)
474 4253 496 4307 I.
517 4254 574 4322 139,
596 4256 622 4308 l:
653 4249 766 4324 ὕστερον
793 4255 822 4309 δὲ
849 4255 998 4325 φοιτῶντες
1020 4252 1083 4327 παρ’
1104 4253 1258 4320 Ἀθηναίους
1282 4251 1435 4312 Ποτειδαίας
1456 4273 1483 4308 τε

355 4337 560 4393 ἀπανίστασθαι
579 4341 696 4394 ἐκέλευον
713 4343 756 4392 καὶ
775 4345 888 4410 Αἴγιναν
907 4339 1063 4410 αὐτόνομον
1081 4337 1200 4410 ἀφιέναι.

423 4441 445 4512 ²)
472 4444 517 4497 De
545 4442 625 4497 chori
652 4441 782 4499 versibus
808 4443 860 4498 300
878 4461 920 4514 sq.
946 4450 1050 4516 postca
1073 4443 1194 4507 demum,
1222 4457 1285 4494 cum
1311 4439 1347 4494 ad
1370 4439 1481 4511 Equites

353 4535 470 4586 ventum
488 4530 551 4598 erit,
570 4547 752 4602 exponemus.
