<?xml version="1.0" encoding="UTF-8"?>
<!DOCTYPE html PUBLIC "-//W3C//DTD XHTML 1.0 Transitional//EN"
    "http://www.w3.org/TR/xhtml1/DTD/xhtml1-transitional.dtd">
<html xmlns="http://www.w3.org/1999/xhtml" xml:lang="en" lang="en">
 <head>
  <title>
</title>
<meta http-equiv="Content-Type" content="text/html;charset=utf-8" />
  <meta name='ocr-system' content='tesseract 3.04.00' />
  <meta name='ocr-capabilities' content='ocr_page ocr_carea ocr_par ocr_line ocrx_word'/>
</head>
<body>
  <div class='ocr_page' id='page_1' title='image "./decallistratoet00briegoog_0046.png"; bbox 0 0 3140 5266; ppageno 0'>
   <div class='ocr_carea' id='block_1_1' title="bbox 551 347 763 444">
    <p class='ocr_par' dir='ltr' id='par_1_1' title="bbox 551 347 763 444">
     <span class='ocr_line' id='line_1_1' title="bbox 551 347 763 444; baseline 0.009 -18"><span class='ocrx_word' id='word_1_1' title='bbox 551 415 588 426; x_wconf 77' lang='grc'>-</span> <span class='ocrx_word' id='word_1_2' title='bbox 636 347 763 444; x_wconf 57' lang='grc'>35..</span> 
     </span>
    </p>
   </div>
   <div class='ocr_carea' id='block_1_2' title="bbox 23 564 1228 1174">
    <p class='ocr_par' dir='ltr' id='par_1_2' title="bbox 23 564 1226 740">
     <span class='ocr_line' id='line_1_2' title="bbox 85 564 1226 654; baseline 0.002 -23"><span class='ocrx_word' id='word_1_3' title='bbox 85 564 254 632; x_wconf 87' lang='lat' dir='ltr'>absolutus</span> <span class='ocrx_word' id='word_1_4' title='bbox 294 573 365 633; x_wconf 87' lang='lat' dir='ltr'>erat</span> <span class='ocrx_word' id='word_1_5' title='bbox 397 603 438 616; x_wconf 84' lang='lat'>-</span> <span class='ocrx_word' id='word_1_6' title='bbox 474 568 578 634; x_wconf 90' lang='lat' dir='ltr'>denuo</span> <span class='ocrx_word' id='word_1_7' title='bbox 616 568 647 633; x_wconf 93' lang='lat' dir='ltr'>in</span> <span class='ocrx_word' id='word_1_8' title='bbox 682 569 730 634; x_wconf 89' lang='lat' dir='ltr'>ius</span> <span class='ocrx_word' id='word_1_9' title='bbox 764 575 909 654; x_wconf 86' lang='lat' dir='ltr'>voearet,</span> <span class='ocrx_word' id='word_1_10' title='bbox 947 568 1004 635; x_wconf 89' lang='lat' dir='ltr'>tali</span> <span class='ocrx_word' id='word_1_11' title='bbox 1037 565 1226 653; x_wconf 84' lang='lat' dir='ltr'>praesertim</span> 
     </span>
     <span class='ocr_line' id='line_1_3' title="bbox 23 657 359 740; baseline 0 -4"><span class='ocrx_word' id='word_1_12' title='bbox 23 657 29 670; x_wconf 80' lang='lat'>&#39;</span> <span class='ocrx_word' id='word_1_13' title='bbox 84 671 211 738; x_wconf 87' lang='lat' dir='ltr'>ratione</span> <span class='ocrx_word' id='word_1_14' title='bbox 236 672 359 740; x_wconf 89' lang='lat' dir='ltr'>dolosa.</span> 
     </span>
    </p>

    <p class='ocr_par' dir='ltr' id='par_1_3' title="bbox 84 777 1228 1174">
     <span class='ocr_line' id='line_1_4' title="bbox 170 777 1227 862; baseline 0.001 -21"><span class='ocrx_word' id='word_1_15' title='bbox 170 779 218 841; x_wconf 93' lang='lat' dir='ltr'>At</span> <span class='ocrx_word' id='word_1_16' title='bbox 250 797 328 843; x_wconf 86' lang='lat' dir='ltr'>vero</span> <span class='ocrx_word' id='word_1_17' title='bbox 361 797 424 842; x_wconf 92' lang='lat' dir='ltr'>non</span> <span class='ocrx_word' id='word_1_18' title='bbox 459 777 508 843; x_wconf 92' lang='lat' dir='ltr'>bis</span> <span class='ocrx_word' id='word_1_19' title='bbox 536 783 667 861; x_wconf 88' lang='lat' dir='ltr'>poetam</span> <span class='ocrx_word' id='word_1_20' title='bbox 696 777 891 862; x_wconf 89' lang='lat' dir='ltr'>postulatum</span> <span class='ocrx_word' id='word_1_21' title='bbox 920 797 1001 861; x_wconf 91' lang='lat' dir='ltr'>esse,</span> <span class='ocrx_word' id='word_1_22' title='bbox 1035 778 1094 844; x_wconf 91' lang='lat' dir='ltr'>sed</span> <span class='ocrx_word' id='word_1_23' title='bbox 1125 778 1227 843; x_wconf 90' lang='lat' dir='ltr'>altera</span> 
     </span>
     <span class='ocr_line' id='line_1_5' title="bbox 86 881 1227 967; baseline 0.001 -21"><span class='ocrx_word' id='word_1_24' title='bbox 86 900 204 946; x_wconf 87' lang='lat' dir='ltr'>eaussa</span> <span class='ocrx_word' id='word_1_25' title='bbox 229 881 457 966; x_wconf 80' lang='lat' dir='ltr'><strong>Callistratum,</strong></span> <span class='ocrx_word' id='word_1_26' title='bbox 481 883 595 967; x_wconf 87' lang='lat' dir='ltr'>altera,</span> <span class='ocrx_word' id='word_1_27' title='bbox 618 881 858 966; x_wconf 77' lang='lat' dir='ltr'>peregrinitatis</span> <span class='ocrx_word' id='word_1_28' title='bbox 881 881 1014 966; x_wconf 79' lang='lat' dir='ltr'>scilieet,</span> <span class='ocrx_word' id='word_1_29' title='bbox 1041 881 1227 966; x_wconf 87' lang='lat' dir='ltr'>Aristopha-</span> 
     </span>
     <span class='ocr_line' id='line_1_6' title="bbox 84 971 1228 1064; baseline 0.001 -15"><span class='ocrx_word' id='word_1_30' title='bbox 84 1005 158 1050; x_wconf 89' lang='lat' dir='ltr'>nem</span> <span class='ocrx_word' id='word_1_31' title='bbox 180 1005 274 1051; x_wconf 88' lang='lat' dir='ltr'>reum</span> <span class='ocrx_word' id='word_1_32' title='bbox 295 971 418 1052; x_wconf 74' lang='lat' dir='ltr'>laeuum</span> <span class='ocrx_word' id='word_1_33' title='bbox 440 1005 511 1052; x_wconf 88' lang='lat' dir='ltr'>esse</span> <span class='ocrx_word' id='word_1_34' title='bbox 535 985 590 1051; x_wconf 91' lang='lat' dir='ltr'>alii</span> <span class='ocrx_word' id='word_1_35' title='bbox 614 985 732 1052; x_wconf 86' lang='lat' dir='ltr'>dieunt.</span> <span class='ocrx_word' id='word_1_36' title='bbox 787 986 849 1064; x_wconf 83' lang='lat' dir='ltr'>Qui</span> <span class='ocrx_word' id='word_1_37' title='bbox 871 985 931 1050; x_wconf 88' lang='lat' dir='ltr'>viri</span> <span class='ocrx_word' id='word_1_38' title='bbox 954 985 1041 1051; x_wconf 90' lang='lat' dir='ltr'>dooti</span> <span class='ocrx_word' id='word_1_39' title='bbox 1062 985 1228 1051; x_wconf 89' lang='lat' dir='ltr'>nobiseum</span> 
     </span>
     <span class='ocr_line' id='line_1_7' title="bbox 86 1087 1228 1174; baseline -0.001 -20"><span class='ocrx_word' id='word_1_40' title='bbox 86 1089 292 1154; x_wconf 78' lang='lat' dir='ltr'>consentiunt</span> <span class='ocrx_word' id='word_1_41' title='bbox 323 1090 364 1154; x_wconf 97' lang='lat' dir='ltr'>ob</span> <span class='ocrx_word' id='word_1_42' title='bbox 395 1088 593 1174; x_wconf 81' lang='lat' dir='ltr'>Babylonios</span> <span class='ocrx_word' id='word_1_43' title='bbox 622 1090 723 1155; x_wconf 90' lang='lat' dir='ltr'>solum</span> <span class='ocrx_word' id='word_1_44' title='bbox 754 1087 972 1158; x_wconf 78' lang='lat' dir='ltr'>Callistratum</span> <span class='ocrx_word' id='word_1_45' title='bbox 999 1088 1146 1154; x_wconf 89' lang='lat' dir='ltr'>aoousari</span> <span class='ocrx_word' id='word_1_46' title='bbox 1172 1109 1228 1172; x_wconf 92' lang='lat' dir='ltr'>po-</span> 
     </span>
    </p>
   </div>
   <div class='ocr_carea' id='block_1_3' title="bbox 85 1190 1327 1275">
    <p class='ocr_par' dir='ltr' id='par_1_4' title="bbox 85 1190 1327 1275">
     <span class='ocr_line' id='line_1_8' title="bbox 85 1190 1327 1275; baseline 0 -19"><span class='ocrx_word' id='word_1_47' title='bbox 85 1191 204 1275; x_wconf 71' lang='lat' dir='ltr'>tuisse,</span> <span class='ocrx_word' id='word_1_48' title='bbox 241 1193 393 1258; x_wconf 77' lang='lat' dir='ltr'>Cleonem</span> <span class='ocrx_word' id='word_1_49' title='bbox 426 1212 502 1258; x_wconf 90' lang='lat' dir='ltr'>vero</span> <span class='ocrx_word' id='word_1_50' title='bbox 535 1192 660 1258; x_wconf 86' lang='lat' dir='ltr'>haere</span> <span class='ocrx_word' id='word_1_51' title='bbox 688 1212 750 1258; x_wconf 92' lang='lat' dir='ltr'>nou</span> <span class='ocrx_word' id='word_1_52' title='bbox 781 1199 964 1258; x_wconf 80' lang='lat' dir='ltr'>contentum</span> <span class='ocrx_word' id='word_1_53' title='bbox 992 1191 1089 1257; x_wconf 90' lang='lat' dir='ltr'>etiam</span> <span class='ocrx_word' id='word_1_54' title='bbox 1118 1211 1229 1256; x_wconf 88' lang='lat' dir='ltr'>verum</span> <span class='ocrx_word' id='word_1_55' title='bbox 1324 1190 1327 1196; x_wconf 88' lang='grc'><strong>’</strong></span> 
     </span>
    </p>
   </div>
   <div class='ocr_carea' id='block_1_4' title="bbox 87 1295 1231 2628">
    <p class='ocr_par' dir='ltr' id='par_1_5' title="bbox 87 1295 1231 2523">
     <span class='ocr_line' id='line_1_9' title="bbox 87 1295 1229 1380; baseline -0.001 -21"><span class='ocrx_word' id='word_1_56' title='bbox 87 1303 221 1378; x_wconf 90' lang='lat' dir='ltr'>poetam</span> <span class='ocrx_word' id='word_1_57' title='bbox 250 1295 283 1360; x_wconf 95' lang='lat' dir='ltr'>in</span> <span class='ocrx_word' id='word_1_58' title='bbox 312 1296 362 1362; x_wconf 92' lang='lat' dir='ltr'>ius</span> <span class='ocrx_word' id='word_1_59' title='bbox 389 1315 525 1364; x_wconf 80' lang='lat' dir='ltr'>vocasse</span> <span class='ocrx_word' id='word_1_60' title='bbox 553 1296 733 1380; x_wconf 85' lang='lat' dir='ltr'>opinantur.</span> <span class='ocrx_word' id='word_1_61' title='bbox 783 1298 876 1362; x_wconf 90' lang='lat' dir='ltr'>Hane</span> <span class='ocrx_word' id='word_1_62' title='bbox 903 1295 1104 1380; x_wconf 80' lang='lat' dir='ltr'>sententiam,</span> <span class='ocrx_word' id='word_1_63' title='bbox 1133 1315 1229 1378; x_wconf 90' lang='lat' dir='ltr'>quam</span> 
     </span>
     <span class='ocr_line' id='line_1_10' title="bbox 88 1397 1229 1485; baseline 0.001 -23"><span class='ocrx_word' id='word_1_64' title='bbox 88 1398 147 1464; x_wconf 89' lang='lat' dir='ltr'>Od.</span> <span class='ocrx_word' id='word_1_65' title='bbox 172 1399 291 1464; x_wconf 78' lang='lat' dir='ltr'>Muller</span> <span class='ocrx_word' id='word_1_66' title='bbox 313 1405 345 1465; x_wconf 89' lang='lat' dir='ltr'>et</span> <span class='ocrx_word' id='word_1_67' title='bbox 369 1399 428 1465; x_wconf 82' lang='lat' dir='ltr'>Th.</span> <span class='ocrx_word' id='word_1_68' title='bbox 446 1400 542 1465; x_wconf 89' lang='lat' dir='ltr'>Kook</span> <span class='ocrx_word' id='word_1_69' title='bbox 564 1400 596 1466; x_wconf 92' lang='lat' dir='ltr'>ll.</span> <span class='ocrx_word' id='word_1_70' title='bbox 622 1401 693 1465; x_wconf 84' lang='lat' dir='ltr'>coll.</span> <span class='ocrx_word' id='word_1_71' title='bbox 717 1399 811 1484; x_wconf 90' lang='lat' dir='ltr'>primi</span> <span class='ocrx_word' id='word_1_72' title='bbox 833 1401 1041 1485; x_wconf 90' lang='lat' dir='ltr'>protulerunt,</span> <span class='ocrx_word' id='word_1_73' title='bbox 1070 1398 1131 1464; x_wconf 90' lang='lat' dir='ltr'>sibi</span> <span class='ocrx_word' id='word_1_74' title='bbox 1154 1397 1229 1464; x_wconf 90' lang='lat' dir='ltr'>arri·</span> 
     </span>
     <span class='ocr_line' id='line_1_11' title="bbox 88 1501 1229 1588; baseline -0.001 -21"><span class='ocrx_word' id='word_1_75' title='bbox 88 1503 157 1586; x_wconf 93' lang='lat' dir='ltr'>puit</span> <span class='ocrx_word' id='word_1_76' title='bbox 179 1503 222 1568; x_wconf 92' lang='lat' dir='ltr'>H.</span> <span class='ocrx_word' id='word_1_77' title='bbox 247 1502 410 1569; x_wconf 81' lang='lat' dir='ltr'>Schrader</span> <span class='ocrx_word' id='word_1_78' title='bbox 432 1510 465 1570; x_wconf 90' lang='lat' dir='ltr'>et</span> <span class='ocrx_word' id='word_1_79' title='bbox 487 1502 520 1568; x_wconf 90' lang='lat' dir='ltr'>in</span> <span class='ocrx_word' id='word_1_80' title='bbox 542 1503 656 1569; x_wconf 91' lang='lat' dir='ltr'>Philol.</span> <span class='ocrx_word' id='word_1_81' title='bbox 680 1504 742 1569; x_wconf 91' lang='lat' dir='ltr'>vol.</span> <span class='ocrx_word' id='word_1_82' title='bbox 759 1505 810 1570; x_wconf 86' lang='grc'>36.</span> <span class='ocrx_word' id='word_1_83' title='bbox 834 1523 910 1588; x_wconf 84' lang='lat' dir='ltr'>pag.</span> <span class='ocrx_word' id='word_1_84' title='bbox 927 1504 990 1570; x_wconf 82' lang='lat'>385</span> <span class='ocrx_word' id='word_1_85' title='bbox 1006 1522 1075 1586; x_wconf 89' lang='lat' dir='ltr'>sqq.</span> <span class='ocrx_word' id='word_1_86' title='bbox 1099 1501 1229 1587; x_wconf 89' lang='lat' dir='ltr'>propria</span> 
     </span>
     <span class='ocr_line' id='line_1_12' title="bbox 89 1605 1229 1692; baseline -0.002 -21"><span class='ocrx_word' id='word_1_87' title='bbox 89 1606 309 1692; x_wconf 89' lang='lat' dir='ltr'>disputatione</span> <span class='ocrx_word' id='word_1_88' title='bbox 333 1607 472 1692; x_wconf 86' lang='lat' dir='ltr'>probare</span> <span class='ocrx_word' id='word_1_89' title='bbox 496 1607 625 1673; x_wconf 81' lang='lat' dir='ltr'>studuit.</span> <span class='ocrx_word' id='word_1_90' title='bbox 658 1605 752 1684; x_wconf 83' lang='lat' dir='ltr'>Quod</span> <span class='ocrx_word' id='word_1_91' title='bbox 767 1613 802 1672; x_wconf 92' lang='lat' dir='ltr'>ut</span> <span class='ocrx_word' id='word_1_92' title='bbox 817 1606 970 1692; x_wconf 75' lang='lat' dir='ltr'>efficeret,</span> <span class='ocrx_word' id='word_1_93' title='bbox 988 1607 1074 1672; x_wconf 88' lang='lat' dir='ltr'>viam</span> <span class='ocrx_word' id='word_1_94' title='bbox 1088 1605 1229 1690; x_wconf 90' lang='lat' dir='ltr'>intravit,</span> 
     </span>
     <span class='ocr_line' id='line_1_13' title="bbox 90 1709 1230 1795; baseline -0.002 -19"><span class='ocrx_word' id='word_1_95' title='bbox 90 1731 173 1792; x_wconf 88' lang='lat' dir='ltr'>quae</span> <span class='ocrx_word' id='word_1_96' title='bbox 211 1730 308 1794; x_wconf 88' lang='lat' dir='ltr'>quam</span> <span class='ocrx_word' id='word_1_97' title='bbox 337 1710 476 1776; x_wconf 87' lang='lat' dir='ltr'>maxime</span> <span class='ocrx_word' id='word_1_98' title='bbox 506 1710 720 1795; x_wconf 87' lang='lat' dir='ltr'>improbanda</span> <span class='ocrx_word' id='word_1_99' title='bbox 750 1717 808 1776; x_wconf 90' lang='lat' dir='ltr'>est.</span> <span class='ocrx_word' id='word_1_100' title='bbox 858 1710 1113 1777; x_wconf 89' lang='lat' dir='ltr'>tharnensium</span> <span class='ocrx_word' id='word_1_101' title='bbox 1146 1709 1230 1775; x_wconf 89' lang='lat' dir='ltr'>enim</span> 
     </span>
     <span class='ocr_line' id='line_1_14' title="bbox 89 1812 1230 1899; baseline -0.003 -20"><span class='ocrx_word' id='word_1_102' title='bbox 89 1814 268 1898; x_wconf 90' lang='lat' dir='ltr'>parabasin</span> <span class='ocrx_word' id='word_1_103' title='bbox 295 1813 513 1880; x_wconf 79' lang='lat' dir='ltr'>Callistratum</span> <span class='ocrx_word' id='word_1_104' title='bbox 538 1814 622 1880; x_wconf 88' lang='lat' dir='ltr'>inter</span> <span class='ocrx_word' id='word_1_105' title='bbox 651 1820 685 1880; x_wconf 89' lang='lat' dir='ltr'>et</span> <span class='ocrx_word' id='word_1_106' title='bbox 713 1814 961 1899; x_wconf 85' lang='lat' dir='ltr'>Aristophanem</span> <span class='ocrx_word' id='word_1_107' title='bbox 990 1814 1037 1879; x_wconf 88' lang='lat' dir='ltr'>ita</span> <span class='ocrx_word' id='word_1_108' title='bbox 1060 1812 1230 1896; x_wconf 84' lang='lat' dir='ltr'>distribuit,</span> 
     </span>
     <span class='ocr_line' id='line_1_15' title="bbox 88 1916 1229 2004; baseline -0.002 -21"><span class='ocrx_word' id='word_1_109' title='bbox 88 1925 122 1983; x_wconf 93' lang='lat' dir='ltr'>ut</span> <span class='ocrx_word' id='word_1_110' title='bbox 154 1917 174 1981; x_wconf 89' lang='grc' dir='ltr'>ὁ</span> <span class='ocrx_word' id='word_1_111' title='bbox 207 1917 407 1993; x_wconf 77' lang='grc' dir='ltr'><strong><em>διδάσκαλος</em></strong></span> <span class='ocrx_word' id='word_1_112' title='bbox 440 1918 642 1985; x_wconf 88' lang='lat' dir='ltr'>Callistratus</span> <span class='ocrx_word' id='word_1_113' title='bbox 678 1919 734 2004; x_wconf 90' lang='lat' dir='ltr'>sit,</span> <span class='ocrx_word' id='word_1_114' title='bbox 769 1918 787 1981; x_wconf 85' lang='grc' dir='ltr'><strong>ὁ</strong></span> <span class='ocrx_word' id='word_1_115' title='bbox 821 1919 956 2004; x_wconf 75' lang='grc' dir='ltr'><strong><em>ποιητὴς</em></strong></span> <span class='ocrx_word' id='word_1_116' title='bbox 988 1916 1229 2001; x_wconf 85' lang='lat' dir='ltr'>Aristophanes.</span> 
     </span>
     <span class='ocr_line' id='line_1_16' title="bbox 89 2021 1230 2107; baseline 0 -21"><span class='ocrx_word' id='word_1_117' title='bbox 89 2023 164 2088; x_wconf 93' lang='lat' dir='ltr'>Illos</span> <span class='ocrx_word' id='word_1_118' title='bbox 187 2028 298 2088; x_wconf 90' lang='lat' dir='ltr'>antem</span> <span class='ocrx_word' id='word_1_119' title='bbox 320 2041 441 2107; x_wconf 87' lang='lat' dir='ltr'>versus,</span> <span class='ocrx_word' id='word_1_120' title='bbox 465 2022 498 2086; x_wconf 93' lang='lat' dir='ltr'>in</span> <span class='ocrx_word' id='word_1_121' title='bbox 519 2022 633 2106; x_wconf 91' lang='lat' dir='ltr'>quibus</span> <span class='ocrx_word' id='word_1_122' title='bbox 648 2021 795 2106; x_wconf 84' lang='lat' dir='ltr'>Aeginae</span> <span class='ocrx_word' id='word_1_123' title='bbox 816 2022 934 2089; x_wconf 92' lang='lat' dir='ltr'>mentio</span> <span class='ocrx_word' id='word_1_124' title='bbox 955 2022 999 2106; x_wconf 91' lang='lat' dir='ltr'>fit,</span> <span class='ocrx_word' id='word_1_125' title='bbox 1023 2022 1067 2087; x_wconf 90' lang='lat' dir='ltr'>ad</span> <span class='ocrx_word' id='word_1_126' title='bbox 1082 2040 1230 2086; x_wconf 84' lang='lat' dir='ltr'>caussam</span> 
     </span>
     <span class='ocr_line' id='line_1_17' title="bbox 90 2125 1230 2211; baseline -0.003 -19"><span class='ocrx_word' id='word_1_127' title='bbox 90 2125 331 2210; x_wconf 83' lang='lat' dir='ltr'>peregrinitatis</span> <span class='ocrx_word' id='word_1_128' title='bbox 364 2126 481 2193; x_wconf 89' lang='lat' dir='ltr'>retulit.</span> <span class='ocrx_word' id='word_1_129' title='bbox 534 2126 625 2203; x_wconf 81' lang='lat' dir='ltr'>Quae</span> <span class='ocrx_word' id='word_1_130' title='bbox 658 2127 740 2192; x_wconf 88' lang='lat' dir='ltr'>ratio</span> <span class='ocrx_word' id='word_1_131' title='bbox 774 2146 902 2211; x_wconf 89' lang='lat' dir='ltr'>prorsus</span> <span class='ocrx_word' id='word_1_132' title='bbox 932 2125 1135 2211; x_wconf 91' lang='lat' dir='ltr'>repudianda</span> <span class='ocrx_word' id='word_1_133' title='bbox 1164 2131 1230 2207; x_wconf 70' lang='lat' dir='ltr'>est,</span> 
     </span>
     <span class='ocr_line' id='line_1_18' title="bbox 91 2227 1231 2314; baseline -0.002 -20"><span class='ocrx_word' id='word_1_134' title='bbox 91 2251 166 2296; x_wconf 87' lang='lat' dir='ltr'>nam</span> <span class='ocrx_word' id='word_1_135' title='bbox 200 2229 389 2297; x_wconf 89' lang='lat' dir='ltr'>inoredibile</span> <span class='ocrx_word' id='word_1_136' title='bbox 417 2249 488 2297; x_wconf 91' lang='lat' dir='ltr'>esse</span> <span class='ocrx_word' id='word_1_137' title='bbox 519 2229 552 2294; x_wconf 92' lang='lat' dir='ltr'>in</span> <span class='ocrx_word' id='word_1_138' title='bbox 581 2230 697 2296; x_wconf 90' lang='lat' dir='ltr'>eadem</span> <span class='ocrx_word' id='word_1_139' title='bbox 725 2231 879 2314; x_wconf 87' lang='lat' dir='ltr'>parabasi</span> <span class='ocrx_word' id='word_1_140' title='bbox 909 2230 949 2296; x_wconf 89' lang='lat' dir='ltr'>de</span> <span class='ocrx_word' id='word_1_141' title='bbox 980 2229 1104 2295; x_wconf 90' lang='lat' dir='ltr'>duobus</span> <span class='ocrx_word' id='word_1_142' title='bbox 1126 2227 1231 2312; x_wconf 91' lang='lat' dir='ltr'>poetis</span> 
     </span>
     <span class='ocr_line' id='line_1_19' title="bbox 91 2331 1231 2418; baseline 0 -20"><span class='ocrx_word' id='word_1_143' title='bbox 91 2335 193 2402; x_wconf 88' lang='lat' dir='ltr'>verba</span> <span class='ocrx_word' id='word_1_144' title='bbox 220 2333 299 2418; x_wconf 88' lang='lat' dir='ltr'>fieri,</span> <span class='ocrx_word' id='word_1_145' title='bbox 331 2332 418 2417; x_wconf 93' lang='lat' dir='ltr'>quod</span> <span class='ocrx_word' id='word_1_146' title='bbox 445 2353 517 2398; x_wconf 91' lang='lat' dir='ltr'>oum</span> <span class='ocrx_word' id='word_1_147' title='bbox 542 2333 667 2400; x_wconf 87' lang='lat' dir='ltr'>ratione</span> <span class='ocrx_word' id='word_1_148' title='bbox 695 2333 847 2400; x_wconf 87' lang='lat' dir='ltr'>soaenioa</span> <span class='ocrx_word' id='word_1_149' title='bbox 870 2339 994 2418; x_wconf 84' lang='lat' dir='ltr'>pugnat</span> <span class='ocrx_word' id='word_1_150' title='bbox 1017 2353 1113 2416; x_wconf 90' lang='lat' dir='ltr'>quam</span> <span class='ocrx_word' id='word_1_151' title='bbox 1134 2331 1231 2398; x_wconf 85' lang='lat' dir='ltr'>vehe-</span> 
     </span>
     <span class='ocr_line' id='line_1_20' title="bbox 92 2437 677 2523; baseline 0.002 -21"><span class='ocrx_word' id='word_1_152' title='bbox 92 2437 298 2522; x_wconf 90' lang='lat' dir='ltr'>mentissime,</span> <span class='ocrx_word' id='word_1_153' title='bbox 321 2437 387 2503; x_wconf 86' lang='lat' dir='ltr'>iam</span> <span class='ocrx_word' id='word_1_154' title='bbox 409 2457 507 2523; x_wconf 92' lang='lat' dir='ltr'>supra</span> <span class='ocrx_word' id='word_1_155' title='bbox 529 2437 635 2503; x_wconf 92' lang='lat' dir='ltr'>monui</span> <span class='ocrx_word' id='word_1_156' title='bbox 646 2440 677 2519; x_wconf 77' lang='grc' dir='ltr'>ι).</span> 
     </span>
    </p>

    <p class='ocr_par' dir='ltr' id='par_1_6' title="bbox 177 2538 1230 2628">
     <span class='ocr_line' id='line_1_21' title="bbox 177 2538 1230 2628; baseline -0.001 -21"><span class='ocrx_word' id='word_1_157' title='bbox 177 2543 286 2626; x_wconf 87' lang='lat' dir='ltr'>Atque</span> <span class='ocrx_word' id='word_1_158' title='bbox 301 2541 398 2608; x_wconf 89' lang='lat' dir='ltr'>valde</span> <span class='ocrx_word' id='word_1_159' title='bbox 414 2541 510 2607; x_wconf 90' lang='lat' dir='ltr'>miror</span> <span class='ocrx_word' id='word_1_160' title='bbox 524 2543 736 2628; x_wconf 90' lang='lat' dir='ltr'>Droysenum,</span> <span class='ocrx_word' id='word_1_161' title='bbox 760 2540 862 2608; x_wconf 87' lang='lat' dir='ltr'>virum</span> <span class='ocrx_word' id='word_1_162' title='bbox 878 2538 1105 2624; x_wconf 81' lang='lat' dir='ltr'>doctissimum,</span> <span class='ocrx_word' id='word_1_163' title='bbox 1129 2539 1230 2606; x_wconf 90' lang='lat' dir='ltr'>simile</span> 
     </span>
    </p>
   </div>
   <div class='ocr_carea' id='block_1_5' title="bbox 94 2630 1248 2938">
    <p class='ocr_par' dir='ltr' id='par_1_7' title="bbox 94 2630 1248 2938">
     <span class='ocr_line' id='line_1_22' title="bbox 94 2630 1248 2730; baseline -0.003 -19"><span class='ocrx_word' id='word_1_164' title='bbox 94 2646 218 2730; x_wconf 89' lang='lat' dir='ltr'>aliquid</span> <span class='ocrx_word' id='word_1_165' title='bbox 246 2646 287 2712; x_wconf 91' lang='lat' dir='ltr'>de</span> <span class='ocrx_word' id='word_1_166' title='bbox 314 2645 377 2711; x_wconf 90' lang='lat' dir='ltr'>hao</span> <span class='ocrx_word' id='word_1_167' title='bbox 400 2644 554 2730; x_wconf 87' lang='lat' dir='ltr'>parabasi</span> <span class='ocrx_word' id='word_1_168' title='bbox 577 2644 728 2710; x_wconf 89' lang='lat' dir='ltr'>statuisse</span> <span class='ocrx_word' id='word_1_169' title='bbox 757 2643 801 2727; x_wconf 86' lang='lat' dir='ltr'>(in</span> <span class='ocrx_word' id='word_1_170' title='bbox 823 2665 905 2710; x_wconf 86' lang='lat' dir='ltr'>vers.</span> <span class='ocrx_word' id='word_1_171' title='bbox 930 2653 1009 2710; x_wconf 92' lang='lat' dir='ltr'>eom.</span> <span class='ocrx_word' id='word_1_172' title='bbox 1033 2642 1129 2709; x_wconf 91' lang='lat' dir='ltr'>Arist.</span> <span class='ocrx_word' id='word_1_173' title='bbox 1153 2642 1229 2708; x_wconf 91' lang='lat' dir='ltr'>edit.</span> <span class='ocrx_word' id='word_1_174' title='bbox 1242 2630 1248 2662; x_wconf 73' lang='lat'><strong><em>⁵</em></strong></span> 
     </span>
     <span class='ocr_line' id='line_1_23' title="bbox 94 2746 1232 2833; baseline -0.002 -19"><span class='ocrx_word' id='word_1_175' title='bbox 94 2749 148 2815; x_wconf 90' lang='lat' dir='ltr'>lIl.</span> <span class='ocrx_word' id='word_1_176' title='bbox 164 2750 237 2820; x_wconf 69' lang='lat' dir='ltr'>‚vol</span> <span class='ocrx_word' id='word_1_177' title='bbox 261 2749 287 2814; x_wconf 92' lang='grc' dir='ltr'>Ι.</span> <span class='ocrx_word' id='word_1_178' title='bbox 309 2768 386 2833; x_wconf 84' lang='lat' dir='ltr'>pag.</span> <span class='ocrx_word' id='word_1_179' title='bbox 410 2751 453 2829; x_wconf 83' lang='lat'>6).</span> <span class='ocrx_word' id='word_1_180' title='bbox 503 2749 587 2816; x_wconf 88' lang='lat' dir='ltr'>Nam</span> <span class='ocrx_word' id='word_1_181' title='bbox 615 2768 809 2830; x_wconf 88' lang='lat' dir='ltr'>quamquam</span> <span class='ocrx_word' id='word_1_182' title='bbox 831 2747 864 2813; x_wconf 88' lang='lat' dir='ltr'>in</span> <span class='ocrx_word' id='word_1_183' title='bbox 886 2747 1068 2814; x_wconf 90' lang='lat' dir='ltr'>universum</span> <span class='ocrx_word' id='word_1_184' title='bbox 1090 2767 1153 2813; x_wconf 91' lang='lat' dir='ltr'>non</span> <span class='ocrx_word' id='word_1_185' title='bbox 1177 2746 1232 2812; x_wconf 90' lang='lat' dir='ltr'>du·</span> 
     </span>
     <span class='ocr_line' id='line_1_24' title="bbox 95 2851 1232 2938; baseline 0 -22"><span class='ocrx_word' id='word_1_186' title='bbox 95 2853 186 2938; x_wconf 90' lang='lat' dir='ltr'>bitat,</span> <span class='ocrx_word' id='word_1_187' title='bbox 211 2851 288 2937; x_wconf 90' lang='lat' dir='ltr'>quin</span> <span class='ocrx_word' id='word_1_188' title='bbox 311 2851 513 2921; x_wconf 88' lang='lat' dir='ltr'>Callistratus</span> <span class='ocrx_word' id='word_1_189' title='bbox 534 2852 762 2935; x_wconf 83' lang='lat' dir='ltr'>intelligendus</span> <span class='ocrx_word' id='word_1_190' title='bbox 785 2851 835 2936; x_wconf 89' lang='lat' dir='ltr'>sit,</span> <span class='ocrx_word' id='word_1_191' title='bbox 858 2858 976 2937; x_wconf 87' lang='lat' dir='ltr'>tamen,</span> <span class='ocrx_word' id='word_1_192' title='bbox 1005 2852 1091 2934; x_wconf 90' lang='lat' dir='ltr'>quod</span> <span class='ocrx_word' id='word_1_193' title='bbox 1113 2851 1188 2918; x_wconf 89' lang='lat' dir='ltr'>inde</span> <span class='ocrx_word' id='word_1_194' title='bbox 1211 2872 1232 2916; x_wconf 92' lang='lat' dir='ltr'>a</span> 
     </span>
    </p>
   </div>
   <div class='ocr_carea' id='block_1_6' title="bbox 95 2955 1256 3127">
    <p class='ocr_par' dir='ltr' id='par_1_8' title="bbox 95 2955 1256 3127">
     <span class='ocr_line' id='line_1_25' title="bbox 95 2955 1256 3042; baseline -0.001 -21"><span class='ocrx_word' id='word_1_195' title='bbox 95 2976 189 3024; x_wconf 90' lang='lat' dir='ltr'>versu</span> <span class='ocrx_word' id='word_1_196' title='bbox 212 2958 276 3022; x_wconf 80' lang='lat'>659</span> <span class='ocrx_word' id='word_1_197' title='bbox 309 2957 508 3040; x_wconf 88' lang='lat' dir='ltr'>parabaseos</span> <span class='ocrx_word' id='word_1_198' title='bbox 541 2957 646 3022; x_wconf 90' lang='lat' dir='ltr'>subito</span> <span class='ocrx_word' id='word_1_199' title='bbox 677 2957 780 3042; x_wconf 90' lang='lat' dir='ltr'>prima</span> <span class='ocrx_word' id='word_1_200' title='bbox 809 2976 949 3041; x_wconf 87' lang='lat' dir='ltr'>persona</span> <span class='ocrx_word' id='word_1_201' title='bbox 974 2956 1081 3042; x_wconf 90' lang='lat' dir='ltr'>posita</span> <span class='ocrx_word' id='word_1_202' title='bbox 1111 2955 1152 3021; x_wconf 91' lang='lat' dir='ltr'>sit</span> <span class='ocrx_word' id='word_1_203' title='bbox 1173 2975 1256 3040; x_wconf 90' lang='lat' dir='ltr'>pro·</span> 
     </span>
     <span class='ocr_line' id='line_1_26' title="bbox 95 3059 724 3127; baseline 0.006 -4"><span class='ocrx_word' id='word_1_204' title='bbox 95 3061 191 3126; x_wconf 87' lang='lat' dir='ltr'>tertia</span> <span class='ocrx_word' id='word_1_205' title='bbox 214 3059 248 3124; x_wconf 90' lang='lat' dir='ltr'>in</span> <span class='ocrx_word' id='word_1_206' title='bbox 269 3059 415 3126; x_wconf 88' lang='lat' dir='ltr'>versibus</span> <span class='ocrx_word' id='word_1_207' title='bbox 441 3059 724 3127; x_wconf 79' lang='lat' dir='ltr'>antecedentibus:</span> 
     </span>
    </p>
   </div>
   <div class='ocr_carea' id='block_1_7' title="bbox 99 3179 1233 4114">
    <p class='ocr_par' dir='ltr' id='par_1_9' title="bbox 303 3179 956 3268">
     <span class='ocr_line' id='line_1_27' title="bbox 303 3179 956 3268; baseline 0 -24"><span class='ocrx_word' id='word_1_208' title='bbox 303 3181 386 3268; x_wconf 84' lang='grc' dir='ltr'><strong><em>πρὸς</em></strong></span> <span class='ocrx_word' id='word_1_209' title='bbox 408 3184 512 3245; x_wconf 76' lang='grc' dir='ltr'><strong><em>ταῦτα</em></strong></span> <span class='ocrx_word' id='word_1_210' title='bbox 533 3179 644 3245; x_wconf 79' lang='grc' dir='ltr'><strong><em>Κλέων</em></strong></span> <span class='ocrx_word' id='word_1_211' title='bbox 666 3181 719 3243; x_wconf 76' lang='grc' dir='ltr'>καὶ</span> <span class='ocrx_word' id='word_1_212' title='bbox 742 3179 956 3264; x_wconf 71' lang='grc' dir='ltr'><em>παλαμάσθω</em></span> 
     </span>
    </p>

    <p class='ocr_par' dir='ltr' id='par_1_10' title="bbox 303 3283 865 3367">
     <span class='ocr_line' id='line_1_28' title="bbox 303 3283 865 3367; baseline 0.005 -22"><span class='ocrx_word' id='word_1_213' title='bbox 303 3285 356 3346; x_wconf 76' lang='grc' dir='ltr'>καὶ</span> <span class='ocrx_word' id='word_1_214' title='bbox 379 3288 449 3349; x_wconf 85' lang='grc' dir='ltr'>πᾶν</span> <span class='ocrx_word' id='word_1_215' title='bbox 470 3283 524 3348; x_wconf 74' lang='grc' dir='ltr'>ἐπ’</span> <span class='ocrx_word' id='word_1_216' title='bbox 546 3283 617 3367; x_wconf 74' lang='grc' dir='ltr'>ἐμοὶ</span> <span class='ocrx_word' id='word_1_217' title='bbox 639 3287 865 3349; x_wconf 71' lang='grc' dir='ltr'><strong><em>τεκταινέσθω.</em></strong></span> 
     </span>
    </p>

    <p class='ocr_par' dir='ltr' id='par_1_11' title="bbox 304 3386 961 3473">
     <span class='ocr_line' id='line_1_29' title="bbox 304 3386 961 3473; baseline 0.005 -23"><span class='ocrx_word' id='word_1_218' title='bbox 304 3388 340 3450; x_wconf 81' lang='grc' dir='ltr'>τὸ</span> <span class='ocrx_word' id='word_1_219' title='bbox 363 3388 423 3473; x_wconf 73' lang='grc' dir='ltr'>γὰρ</span> <span class='ocrx_word' id='word_1_220' title='bbox 446 3386 481 3452; x_wconf 84' lang='grc' dir='ltr'>εὖ</span> <span class='ocrx_word' id='word_1_221' title='bbox 503 3389 571 3470; x_wconf 72' lang='grc' dir='ltr'>μετ’</span> <span class='ocrx_word' id='word_1_222' title='bbox 593 3387 672 3470; x_wconf 73' lang='grc' dir='ltr'>ἐμοῦ</span> <span class='ocrx_word' id='word_1_223' title='bbox 695 3389 747 3451; x_wconf 80' lang='grc' dir='ltr'>καὶ</span> <span class='ocrx_word' id='word_1_224' title='bbox 772 3389 809 3450; x_wconf 80' lang='grc' dir='ltr'>τὸ</span> <span class='ocrx_word' id='word_1_225' title='bbox 833 3387 961 3453; x_wconf 77' lang='grc' dir='ltr'><strong><em>δίκαιον</em></strong></span> 
     </span>
    </p>

    <p class='ocr_par' dir='ltr' id='par_1_12' title="bbox 304 3492 947 3578">
     <span class='ocr_line' id='line_1_30' title="bbox 304 3492 947 3578; baseline -0.003 -22"><span class='ocrx_word' id='word_1_226' title='bbox 304 3492 476 3575; x_wconf 78' lang='grc' dir='ltr'><strong><em>ξύμμαχον</em></strong></span> <span class='ocrx_word' id='word_1_227' title='bbox 498 3493 597 3567; x_wconf 78' lang='grc' dir='ltr'><strong><em>ἔσται,</em></strong></span> <span class='ocrx_word' id='word_1_228' title='bbox 621 3493 680 3556; x_wconf 76' lang='grc' dir='ltr'>κού</span> <span class='ocrx_word' id='word_1_229' title='bbox 703 3493 746 3578; x_wconf 83' lang='grc' dir='ltr'>μή</span> <span class='ocrx_word' id='word_1_230' title='bbox 769 3493 855 3556; x_wconf 68' lang='grc' dir='ltr'>ποθ’</span> <span class='ocrx_word' id='word_1_231' title='bbox 879 3492 947 3557; x_wconf 78' lang='grc' dir='ltr'>ἁλῶ</span> 
     </span>
    </p>

    <p class='ocr_par' dir='ltr' id='par_1_13' title="bbox 304 3595 917 3682">
     <span class='ocr_line' id='line_1_31' title="bbox 304 3595 917 3682; baseline 0.005 -24"><span class='ocrx_word' id='word_1_232' title='bbox 304 3597 378 3682; x_wconf 77' lang='grc' dir='ltr'>περὶ</span> <span class='ocrx_word' id='word_1_233' title='bbox 401 3596 458 3681; x_wconf 80' lang='grc' dir='ltr'>τὴν</span> <span class='ocrx_word' id='word_1_234' title='bbox 479 3595 579 3661; x_wconf 79' lang='grc' dir='ltr'><strong><em>πόλιν</em></strong></span> <span class='ocrx_word' id='word_1_235' title='bbox 602 3599 646 3661; x_wconf 76' lang='grc' dir='ltr'>ὥν</span> <span class='ocrx_word' id='word_1_236' title='bbox 668 3599 776 3682; x_wconf 79' lang='grc' dir='ltr'><strong><em>ὥσπερ</em></strong></span> <span class='ocrx_word' id='word_1_237' title='bbox 798 3595 917 3670; x_wconf 74' lang='grc' dir='ltr'><strong><em>ἐκεῖνος</em></strong></span> 
     </span>
    </p>

    <p class='ocr_par' dir='ltr' id='par_1_14' title="bbox 99 3698 1233 4114">
     <span class='ocr_line' id='line_1_32' title="bbox 306 3698 749 3780; baseline 0.007 -17"><span class='ocrx_word' id='word_1_238' title='bbox 306 3698 410 3774; x_wconf 77' lang='grc' dir='ltr'><strong><em>δειλὸς</em></strong></span> <span class='ocrx_word' id='word_1_239' title='bbox 432 3699 485 3762; x_wconf 77' lang='grc' dir='ltr'>καὶ</span> <span class='ocrx_word' id='word_1_240' title='bbox 507 3699 749 3780; x_wconf 77' lang='grc' dir='ltr'><strong><em>λακαταπύγων</em></strong></span> 
     </span>
     <span class='ocr_line' id='line_1_33' title="bbox 99 3818 1233 3910; baseline -0.002 -24"><span class='ocrx_word' id='word_1_241' title='bbox 99 3821 155 3888; x_wconf 93' lang='lat' dir='ltr'>hos</span> <span class='ocrx_word' id='word_1_242' title='bbox 182 3827 343 3888; x_wconf 85' lang='lat' dir='ltr'>extremos</span> <span class='ocrx_word' id='word_1_243' title='bbox 371 3841 482 3910; x_wconf 87' lang='lat' dir='ltr'>versus</span> <span class='ocrx_word' id='word_1_244' title='bbox 509 3843 571 3888; x_wconf 93' lang='lat' dir='ltr'>non</span> <span class='ocrx_word' id='word_1_245' title='bbox 598 3841 693 3907; x_wconf 90' lang='lat' dir='ltr'>posse</span> <span class='ocrx_word' id='word_1_246' title='bbox 716 3822 757 3887; x_wconf 91' lang='lat' dir='ltr'>de</span> <span class='ocrx_word' id='word_1_247' title='bbox 781 3820 964 3886; x_wconf 86' lang='lat' dir='ltr'>Callistrato</span> <span class='ocrx_word' id='word_1_248' title='bbox 987 3818 1139 3884; x_wconf 79' lang='lat' dir='ltr'>recitatos</span> <span class='ocrx_word' id='word_1_249' title='bbox 1162 3836 1233 3884; x_wconf 87' lang='lat' dir='ltr'>esse</span> 
     </span>
     <span class='ocr_line' id='line_1_34' title="bbox 99 3924 1233 4011; baseline 0 -21"><span class='ocrx_word' id='word_1_250' title='bbox 99 3925 158 3990; x_wconf 89' lang='lat' dir='ltr'>sibi</span> <span class='ocrx_word' id='word_1_251' title='bbox 181 3924 350 4011; x_wconf 90' lang='lat' dir='ltr'>persuasit,</span> <span class='ocrx_word' id='word_1_252' title='bbox 374 3925 433 4010; x_wconf 88' lang='lat' dir='ltr'>sed</span> <span class='ocrx_word' id='word_1_253' title='bbox 454 3925 560 4010; x_wconf 90' lang='lat' dir='ltr'>potius</span> <span class='ocrx_word' id='word_1_254' title='bbox 584 3925 624 3990; x_wconf 89' lang='lat' dir='ltr'>de</span> <span class='ocrx_word' id='word_1_255' title='bbox 640 3924 854 4008; x_wconf 86' lang='lat' dir='ltr'>Aristophane</span> <span class='ocrx_word' id='word_1_256' title='bbox 877 3929 975 4006; x_wconf 88' lang='lat' dir='ltr'>atque</span> <span class='ocrx_word' id='word_1_257' title='bbox 997 3945 1061 3989; x_wconf 91' lang='lat' dir='ltr'>non</span> <span class='ocrx_word' id='word_1_258' title='bbox 1076 3925 1177 3993; x_wconf 90' lang='lat' dir='ltr'>solum</span> <span class='ocrx_word' id='word_1_259' title='bbox 1193 3925 1233 3990; x_wconf 90' lang='lat' dir='ltr'>de</span> 
     </span>
     <span class='ocr_line' id='line_1_35' title="bbox 99 4027 1233 4114; baseline -0.001 -20"><span class='ocrx_word' id='word_1_260' title='bbox 99 4029 324 4114; x_wconf 83' lang='lat' dir='ltr'>Aristophane,</span> <span class='ocrx_word' id='word_1_261' title='bbox 353 4029 412 4094; x_wconf 90' lang='lat' dir='ltr'>sed</span> <span class='ocrx_word' id='word_1_262' title='bbox 440 4029 538 4095; x_wconf 90' lang='lat' dir='ltr'>etiam</span> <span class='ocrx_word' id='word_1_263' title='bbox 565 4028 606 4094; x_wconf 88' lang='lat' dir='ltr'>ab</span> <span class='ocrx_word' id='word_1_264' title='bbox 630 4029 854 4113; x_wconf 88' lang='lat' dir='ltr'>Aristophane,</span> <span class='ocrx_word' id='word_1_265' title='bbox 884 4027 937 4111; x_wconf 90' lang='lat' dir='ltr'>qui</span> <span class='ocrx_word' id='word_1_266' title='bbox 966 4027 1054 4094; x_wconf 89' lang='lat' dir='ltr'>ohori</span> <span class='ocrx_word' id='word_1_267' title='bbox 1083 4027 1233 4112; x_wconf 89' lang='lat' dir='ltr'>prinoeps</span> 
     </span>
    </p>
   </div>
   <div class='ocr_carea' id='block_1_8' title="bbox 100 4131 1344 4219">
    <p class='ocr_par' dir='ltr' id='par_1_15' title="bbox 100 4131 1344 4219">
     <span class='ocr_line' id='line_1_36' title="bbox 100 4131 1344 4219; baseline -0.003 -19"><span class='ocrx_word' id='word_1_268' title='bbox 100 4133 275 4216; x_wconf 87' lang='lat' dir='ltr'>parabasin</span> <span class='ocrx_word' id='word_1_269' title='bbox 304 4131 374 4219; x_wconf 90' lang='lat' dir='ltr'>ipse</span> <span class='ocrx_word' id='word_1_270' title='bbox 401 4132 648 4218; x_wconf 89' lang='lat' dir='ltr'>pronuntiasset.</span> <span class='ocrx_word' id='word_1_271' title='bbox 678 4132 750 4216; x_wconf 37' lang='lat' dir='ltr'>,De</span> <span class='ocrx_word' id='word_1_272' title='bbox 775 4131 995 4198; x_wconf 88' lang='lat' dir='ltr'>distributione</span> <span class='ocrx_word' id='word_1_273' title='bbox 1018 4131 1105 4198; x_wconf 91' lang='lat' dir='ltr'>idem</span> <span class='ocrx_word' id='word_1_274' title='bbox 1126 4131 1233 4196; x_wconf 90' lang='lat' dir='ltr'>iudioo</span> <span class='ocrx_word' id='word_1_275' title='bbox 1340 4161 1344 4166; x_wconf 93' lang='lat'>·</span> 
     </span>
    </p>
   </div>
   <div class='ocr_carea' id='block_1_9' title="bbox 101 4355 1235 4603">
    <p class='ocr_par' dir='ltr' id='par_1_16' title="bbox 101 4355 1235 4603">
     <span class='ocr_line' id='line_1_37' title="bbox 170 4355 1235 4430; baseline 0 -18"><span class='ocrx_word' id='word_1_276' title='bbox 170 4357 190 4427; x_wconf 89' lang='lat'>¹)</span> <span class='ocrx_word' id='word_1_277' title='bbox 210 4355 351 4412; x_wconf 86' lang='lat' dir='ltr'>Similiter</span> <span class='ocrx_word' id='word_1_278' title='bbox 369 4355 426 4412; x_wconf 87' lang='lat' dir='ltr'>iam</span> <span class='ocrx_word' id='word_1_279' title='bbox 444 4355 575 4411; x_wconf 85' lang='lat' dir='ltr'>Kookius</span> <span class='ocrx_word' id='word_1_280' title='bbox 594 4357 650 4426; x_wconf 79' lang='lat' dir='ltr'>(De</span> <span class='ocrx_word' id='word_1_281' title='bbox 669 4357 745 4411; x_wconf 85' lang='lat' dir='ltr'>Phil.</span> <span class='ocrx_word' id='word_1_282' title='bbox 764 4362 793 4412; x_wconf 89' lang='lat' dir='ltr'>et</span> <span class='ocrx_word' id='word_1_283' title='bbox 811 4355 882 4412; x_wconf 85' lang='lat' dir='ltr'>Call.</span> <span class='ocrx_word' id='word_1_284' title='bbox 900 4376 929 4428; x_wconf 94' lang='lat' dir='ltr'>p.</span> <span class='ocrx_word' id='word_1_285' title='bbox 941 4359 973 4412; x_wconf 79' lang='lat'>21</span> <span class='ocrx_word' id='word_1_286' title='bbox 988 4357 1061 4430; x_wconf 88' lang='lat' dir='ltr'>sqq.)</span> <span class='ocrx_word' id='word_1_287' title='bbox 1079 4357 1235 4429; x_wconf 82' lang='lat' dir='ltr'>parabasin</span> 
     </span>
     <span class='ocr_line' id='line_1_38' title="bbox 101 4443 1235 4515; baseline 0.002 -19"><span class='ocrx_word' id='word_1_288' title='bbox 101 4443 224 4499; x_wconf 89' lang='lat' dir='ltr'>induas</span> <span class='ocrx_word' id='word_1_289' title='bbox 247 4450 346 4515; x_wconf 87' lang='lat' dir='ltr'>partes</span> <span class='ocrx_word' id='word_1_290' title='bbox 370 4443 535 4514; x_wconf 82' lang='lat' dir='ltr'>dispescuit,</span> <span class='ocrx_word' id='word_1_291' title='bbox 558 4443 672 4513; x_wconf 88' lang='lat' dir='ltr'>dequo</span> <span class='ocrx_word' id='word_1_292' title='bbox 697 4445 845 4500; x_wconf 87' lang='lat' dir='ltr'>oonamine</span> <span class='ocrx_word' id='word_1_293' title='bbox 868 4461 925 4498; x_wconf 88' lang='lat' dir='ltr'>non</span> <span class='ocrx_word' id='word_1_294' title='bbox 949 4461 1031 4501; x_wconf 79' lang='lat' dir='ltr'>secus</span> <span class='ocrx_word' id='word_1_295' title='bbox 1054 4445 1235 4500; x_wconf 83' lang='lat' dir='ltr'>iudicandum</span> 
     </span>
     <span class='ocr_line' id='line_1_39' title="bbox 102 4529 554 4603; baseline -0.007 -17"><span class='ocrx_word' id='word_1_296' title='bbox 102 4537 144 4587; x_wconf 86' lang='lat' dir='ltr'>est</span> <span class='ocrx_word' id='word_1_297' title='bbox 163 4538 251 4603; x_wconf 87' lang='lat' dir='ltr'>atque</span> <span class='ocrx_word' id='word_1_298' title='bbox 270 4531 306 4585; x_wconf 86' lang='lat' dir='ltr'>da</span> <span class='ocrx_word' id='word_1_299' title='bbox 325 4531 389 4586; x_wconf 88' lang='lat' dir='ltr'>aliis</span> <span class='ocrx_word' id='word_1_300' title='bbox 408 4529 554 4584; x_wconf 87' lang='lat' dir='ltr'>eiusmodi.</span> 
     </span>
    </p>
   </div>
   <div class='ocr_carea' id='block_1_10' title="bbox 996 4619 1029 4675">
    <p class='ocr_par' dir='ltr' id='par_1_17' title="bbox 996 4619 1029 4675">
     <span class='ocr_line' id='line_1_40' title="bbox 996 4619 1029 4675; baseline 0 -22"><span class='ocrx_word' id='word_1_301' title='bbox 996 4619 1029 4675; x_wconf 71' lang='lat'>3*</span> 
     </span>
    </p>
   </div>
   <div class='ocr_carea' id='block_1_11' title="bbox 0 0 1594 5266">
    <p class='ocr_par' dir='ltr' id='par_1_18' title="bbox 0 0 1594 5266">
     <span class='ocr_line' id='line_1_41' title="bbox 0 0 1594 5266; baseline 0 0"><span class='ocrx_word' id='word_1_302' title='bbox 0 0 1594 5266; x_wconf 95' lang='lat' dir='ltr'> </span> 
     </span>
    </p>
   </div>
  </div>
 </body>
</html>
