3140 5266
765 353 977 418 -2g..

308 544 438 622 poetam
472 559 542 606 esse
573 539 746 624 simularet,
781 541 956 625 parabasin
984 543 1206 627 composuerit.
1257 545 1339 612 Nam
1374 541 1480 626 quin

309 641 365 708 illa
386 643 500 708 verba:

465 745 718 829 διαβαλλόμενος
757 746 788 810 δ’
822 747 890 812 ύπὸ
927 752 991 814 τῶν
1027 747 1158 836 ἐχθρῶν
1192 749 1228 814 ἐν
1264 751 1479 835 Ἀθηναίοις

834 871 839 880 ·
1133 852 1359 934 ταχυβούλοις,

463 951 507 1026 ὥς
533 951 684 1038 κωμῳδεῖ
709 953 765 1038 τήν
792 953 891 1018 πόλιν
918 953 1008 1040 ήμῶν
1034 955 1088 1020 καὶ
1115 955 1173 1020 τὸν
1200 955 1306 1042 δῆμον
1334 959 1474 1020 καθυ-

1134 1060 1233 1146 βρίζει

310 1157 354 1222 ad
381 1177 528 1224 caussam
550 1181 570 1225 a
594 1160 713 1227 Oleonc
741 1161 896 1228 intentam
923 1161 1095 1229 referenda
1117 1163 1189 1248 sint,
1221 1163 1361 1230 dubitari
1383 1185 1474 1230 non

310 1267 426 1346 potest,
451 1270 646 1348 quapropter
669 1263 709 1330 de
726 1265 909 1332 Callistrato
932 1266 993 1332 hoc
1009 1267 1081 1332 loco
1097 1267 1152 1350 agi
1168 1267 1371 1334 manifestum
1388 1274 1470 1333 est.

397 1366 502 1448 Atque
532 1368 640 1451 paullo
668 1375 741 1454 post
769 1390 864 1453 quam
895 1369 1004 1454 populi
1035 1370 1131 1436 saluti
1160 1376 1193 1438 et
1216 1371 1391 1436 commodis
1422 1391 1470 1437 se

312 1489 439 1554 semper
461 1469 493 1534 in
516 1471 689 1538 comoediis
712 1473 778 1539 suis
800 1474 995 1540 consuluisse
1019 1474 1174 1557 gloriatus
1194 1482 1252 1560 est,
1276 1474 1383 1560 pergit
1400 1475 1470 1540 his

312 1574 456 1640 versibus
480 1576 703 1642 conclamatis:

467 1677 630 1763 τοιγάρτοι
656 1684 717 1745 νῦν
744 1679 777 1742 ἐκ
804 1683 869 1744 τῶν
897 1679 1026 1745 πόλεων
1047 1681 1104 1746 τὸν
1127 1680 1233 1767 φόρον
1254 1680 1333 1764 ὑμῖν
1355 1680 1464 1744 απά-

1140 1807 1250 1864 γοντες

467 1886 611 1969 ήξουσιν,
635 1885 717 1948 ἰδεῖν
738 1885 978 1970 ἐπιθυμοῦντες
1000 1887 1057 1952 τόν
1076 1885 1214 1971 ποιητήν
1229 1886 1286 1950 τὸν
1301 1888 1460 1972 ἄριστον,

360 1989 433 2052 645.
469 1989 554 2062 ὅστις
577 1987 843 2074 παρεκινδύνευσ
865 1991 969 2055 εἰπεῖν
990 1989 1025 2055 ἐν
1039 1991 1220 2076 Ἀθηναίοις
1243 1991 1284 2052 τὰ
1306 1990 1455 2054 δίκαια·

470 2093 553 2154 οὕτω
588 2091 620 2154 δ
648 2093 752 2156 αὐτοῦ
785 2094 857 2179 περὶ
891 2097 946 2179 τής
980 2093 1099 2178 τόλμης
1127 2092 1189 2178 ήδη
1218 2093 1331 2180 πόρρω
1359 2094 1461 2168 κλέος

546 2273 549 2278 Δ
1137 2199 1216 2282 ήκει,

470 2299 523 2364 ὅτε
550 2297 602 2362 καὶ
629 2299 790 2381 βασιλεύς,
813 2299 1083 2382 Λακεδαιμονίων
1110 2301 1166 2385 τήν
1188 2303 1363 2385 πρεσβείαν
1385 2305 1456 2384 βα-

1140 2405 1289 2481 σανίζων,

471 2507 631 2592 ἠρώτησεν
664 2511 778 2595 πρῶτα
814 2508 873 2591 μὲν
906 2509 1044 2584 αύτούς,
1083 2509 1214 2596 πότεροι
1251 2520 1320 2583 ταῖς
1357 2509 1457 2573 ναυσὶ

1140 2617 1326 2698 κρατοῦσιν·

472 2717 540 2776 εἶτα
575 2715 611 2778 δὲ
644 2719 761 2780 τοῦτον
793 2715 850 2780 τὸν
885 2717 1022 2800 ποιητήν
1055 2719 1214 2801 ποτέρους
1246 2718 1335 2780 εἴποι
1370 2719 1459 2779 κακὰ

1142 2818 1267 2882 πολλά·

365 2923 437 2987 650.
472 2922 607 2996 τούτους
646 2923 707 3008 γὰρ
745 2921 806 3008 ἔφη
843 2923 919 2998 τοῦς
951 2922 1154 3007 ἀνθρώπους
1188 2921 1275 2986 πολι)
1308 2921 1459 3004 βελτίους

1141 3029 1335 3112 γεγενῆσθαι

472 3131 533 3194 κᾶν
565 3134 610 3216 τῷ
644 3129 776 3217 πολέμῳ
810 3130 896 3195 πολύ
930 3130 1085 3215 νικήσειν,
1120 3131 1237 3194 τοῦτον
1269 3129 1459 3213 ξύμβουλον

1142 3235 1286 3315 ἔχοντας.

476 3339 532 3402 διὰ
564 3339 663 3403 ταῦθ’
692 3337 777 3422 ὑμᾶς
805 3337 1060 3420 Λακεδαιμόνιοι
1089 3337 1146 3423 τήν
1172 3337 1299 3423 εἰρήνην
1325 3359 1458 3422 προκα-

1144 3441 1278 3505 λοῦνται

418 3612 421 3618 ,
473 3547 525 3610 καὶ
563 3548 620 3632 τήν
657 3547 793 3627 Αἴγιναν
829 3547 1041 3610 ἀπαιτοῦσιν·
1078 3546 1131 3608 καὶ
1169 3549 1224 3630 τής
1260 3544 1360 3630 νήσου
1398 3545 1459 3626 μὲν

1147 3647 1265 3732 ἒκελνης

476 3755 515 3818 οῦ
542 3753 762 3841 φροντίζουσ,
796 3752 867 3816 ἄλλ’
898 3758 951 3817 ἵνα
977 3758 1094 3817 τοῦτον
1120 3753 1177 3816 τὸν
1206 3748 1343 3836 ποιητήν
1372 3751 1458 3834 ἀφέ-

1145 3855 1275 3920 λωνται.

370 3964 443 4029 655.
479 3961 549 4025 ἀλλ’
583 3961 673 4045 ὑμεῖς
706 3984 756 4025 τοι
789 3960 832 4046 μή
868 3959 944 4023 ποτ’
973 3959 1096 4044 ἀφήδ·
1131 3957 1174 4032 ὥς
1204 3957 1392 4043 κωμῳδήσει
1419 3959 1461 4020 τὰ

1147 4061 1267 4124 δίκαια.

409 4171 502 4249 Quod
525 4171 566 4236 de
588 4189 666 4254 roge
679 4170 858 4234 ‚Persarum
881 4171 980 4251 pocta
1002 4165 1175 4250 fabulatur,
1204 4185 1277 4230 mea
1299 4164 1461 4230 sententia

321 4293 428 4342 morus
455 4275 544 4340 iocus
567 4279 625 4357 est,
655 4272 709 4355 qui
737 4277 841 4337 utrum
870 4276 1067 4355 opportunus
1090 4268 1132 4334 sit
1154 4274 1186 4334 et
1208 4269 1335 4334 facetus
1357 4289 1460 4334 necne

322 4384 429 4444 tecum
455 4379 525 4462 ipse
555 4377 731 4459 deliberes3
758 4375 835 4441 mihi
864 4395 916 4440 res
945 4379 1013 4440 esto
1037 4393 1109 4438 oum
1132 4372 1281 4438 extremis
1304 4372 1459 4456 versibus,

322 4482 356 4547 in
384 4483 498 4566 quibus
526 4482 567 4548 de
589 4479 717 4564 Aegina
743 4479 845 4545 verba
870 4478 949 4544 liunt
972 4497 1076 4562 caque
1099 4475 1178 4544 satis
1201 4477 1347 4542 obscura.
1393 4475 1461 4542 Sed
