3140 5266
801 337 1011 402 ,64-

336 524 477 611 Alvum.
517 529 647 611 πρῶτος
674 523 729 609 ἦν·
768 524 930 610 Φρύνιχος
961 523 1109 609 δεύτερος
1136 525 1302 601 Μούσαις,
1334 524 1480 589 Πλάτων

336 635 442 716 τρίτος
463 629 663 714 Κλεοφῶντι.
693 629 800 711 Atque
823 628 933 694 statim
955 628 1062 711 pergit
1077 629 1307 711 grammaticus
1322 665 1364 676 -
1380 649 1480 711 quem

336 733 585 818 Aristophanem
607 733 798 816 Byzantium
822 732 919 798 fuisse
942 753 1026 797 nunc
1048 733 1186 817 probare
1209 735 1340 816 longum
1363 739 1412 798 est
1434 771 1479 782 —

338 837 409 902 coll.
437 857 506 918 arg.
528 838 591 903 III:
634 838 718 900 οὕτω
753 835 789 899 δὲ
821 835 1023 920 ἐθαυμάσθη
1056 837 1093 900 τὸ
1128 836 1238 922 δρᾶμα
1272 836 1329 900 διὰ
1350 836 1407 921 τὴν
1441 835 1479 900 ἓν

316 944 426 1028 ἀὐτῷ
463 941 666 1028 παράβασιν,
711 943 791 1004 καθ’
828 944 867 1026 ἢν
901 940 1084 1004 διαλλάττει
1118 942 1194 1016 τούς
1227 942 1375 1024 ἐντίμους
1408 951 1480 1014 τοῖς

337 1047 465 1128 ἀτίμοις
487 1045 539 1108 καί
563 1046 639 1118 τοὺς
661 1045 801 1119 πολίτας
822 1054 890 1118 τοῖς
913 1045 1069 1128 φυγάσιν,
1093 1047 1241 1110 ὥστεκαὶ
1257 1044 1479 1128 άνεόιδάχθη,

337 1151 380 1222 ῶς
409 1166 487 1232 φησι
516 1152 724 1234 Δικαίαρχος.
769 1149 867 1214 Fides
900 1148 949 1213 his
978 1149 1085 1214 verbis
1108 1149 1218 1232 utique
1241 1149 1393 1216 habenda
1418 1156 1480 1230 est,

338 1274 410 1318 cum
444 1252 665 1318 Dicaearchus
701 1252 792 1318 testis
825 1252 866 1317 sit
898 1252 987 1317 haud
1024 1253 1231 1336 spernendus.
1287 1252 1481 1319 Memoravit

338 1363 446 1422 autem
468 1357 632 1421 Ranarum
660 1357 862 1422 iterationem
891 1355 981 1422 haud
1003 1356 1100 1422 dubie
1122 1356 1155 1421 in
1178 1356 1259 1422 libro
1282 1377 1349 1441 suo,
1381 1375 1480 1438 quem

338 1461 413 1546 περὶ
440 1465 604 1543 μουσικῶν
636 1459 704 1526 sive
735 1464 960 1525 Διονυσιακῶν
987 1459 1123 1539 άγάνιον
1151 1459 1280 1544 scripsit
1288 1463 1319 1541 ¹).
1369 1460 1480 1542 Atque

337 1565 371 1630 in
398 1564 460 1629 hoc
487 1563 568 1630 libro
592 1563 812 1648 componendo
835 1583 907 1628 eum
929 1571 1074 1628 secutum
1097 1583 1168 1629 esse
1191 1562 1382 1646 Aristotelis,
1411 1584 1480 1626 ma-

339 1667 431 1752 gistri
453 1667 511 1751 sui,
536 1666 736 1733 didascalica
758 1666 962 1732 manifestum
985 1673 1048 1750 cst3
1072 1667 1156 1733 redit
1178 1667 1277 1750 igitur
1295 1667 1374 1732 illud
1390 1667 1481 1732 testi-

339 1773 478 1838 moninm
500 1772 545 1837 ad
567 1772 720 1856 optimum
743 1777 917 1838 auctorem.
1041 1845 1042 1850 ς

424 1878 494 1942 Iam
516 1883 597 1943 'vero
628 1877 807 1960 complures
835 1875 992 1940 exsistunt
1024 1874 1238 1958 quaestiones
1273 1896 1345 1942 cum
1372 1895 1481 1958 neque

340 1981 468 2064 quando
491 2001 596 2063 neque
620 2001 678 2064 per
702 2001 796 2062 quem
819 1980 987 2045 comoedia
1001 1979 1116 2044 iterum
1131 1979 1163 2043 in
1178 1999 1330 2044 scaenam
1345 1978 1482 2044 inducta

339 2084 380 2150 sit
412 2085 567 2166 legamus.
626 2082 828 2148 Philonidem
861 2082 960 2148 etiam
992 2081 1093 2148 hanc
1111 2082 1310 2148 comoediam
1343 2081 1482 2166 primum

341 2186 503 2270 docuisse,
538 2185 631 2268 quasi
664 2205 755 2252 suam
787 2185 888 2270 ipsius
923 2185 1030 2270 daret,
1070 2192 1168 2268 atque
1202 2192 1404 2270 spectatores
1438 2187 1482 2252 de

340 2291 556 2375 Aristophane
585 2297 716 2358 auctore
745 2291 824 2356 nihil
852 2291 1013 2357 audivisse
1041 2311 1228 2374 persuasum
1254 2290 1331 2356 mihi
1354 2297 1418 2357 est:
1447 2291 1483 2356 in

340 2395 404 2460 hac
426 2393 587 2460 sententia
610 2401 718 2479 persto
742 2413 934 2480 semperque
956 2395 1119 2478 perstabo.
1155 2395 1313 2460 Idunum
1336 2395 1482 2462 concedo

341 2503 417 2562 tunc
439 2496 601 2581 temporis,
631 2517 703 2562 cum
730 2503 796 2562 tam
826 2518 926 2582 saepe
948 2496 1134 2564 Philonides
1156 2497 1410 2582 Aristophaneus
1432 2497 1482 2562 fa-

342 2601 435 2666 bulas
469 2599 614 2684 doceret,
652 2602 823 2684 plerosque
857 2621 899 2666 ex
931 2600 1039 2666 indole
1073 2600 1260 2666 comoediae
1294 2601 1404 2666 statim
1438 2601 1481 2666 de
1565 2593 1566 2600 '

341 2702 557 2788 Aristophane
580 2703 741 2786 cogitasse
765 2725 900 2787 eumque
923 2725 1033 2770 vemm
1056 2711 1220 2770 auctorem
1243 2705 1381 2770 duxisse.
1424 2706 1482 2769 At-

343 2827 405 2889 que
429 2805 526 2871 etiam
549 2807 716 2890 probabile
741 2807 888 2873 essehoc
904 2807 1041 2891 videtur,
1065 2828 1136 2874 cum
1151 2807 1251 2873 Ranis
1266 2807 1483 2874 Athenienses

342 2917 432 2976 tanto
467 2930 564 2994 opere
598 2917 727 2994 tamque
762 2913 848 2977 clare
879 2911 1082 2996 plausissent,
1117 2933 1231 2978 nomen
1257 2913 1483 2996 Aristophanis

343 3013 452 3080 statim
478 3019 552 3097 post
580 3013 741 3080 actionem
770 3015 803 3080 in
832 3015 947 3098 vulgus
974 3035 1133 3099 manasse,
1167 3015 1353 3099 priusquam
1380 3016 1482 3082 editio

343 3116 510 3201 publicata
543 3123 638 3183 esset.
689 3117 831 3201 Egregie
865 3139 942 3184 vero
969 3118 1183 3185 Athenienses
1216 3120 1279 3184 hac
1313 3120 1484 3184 comoedia

344 3221 524 3287 delectatos
547 3239 627 3304 esse,
657 3220 692 3285 id
715 3220 819 3305 ipsum
842 3228 1031 3304 argumento
1055 3229 1113 3306 cst,
1142 3223 1227 3305 quod
1250 3222 1483 3289 consuetudine

343 3344 401 3390 seu
423 3322 529 3408 potius
551 3324 625 3406 lege
647 3323 714 3408 illa,
738 3345 803 3407 qua
819 3325 950 3391 easdem
966 3325 1095 3391 fabulas
1111 3325 1216 3391 denuo
1232 3346 1331 3409 agere
1347 3325 1484 3392 vetitum

345 3433 424 3511 erat,
456 3425 574 3492 omissa
600 3427 685 3492 hanc
711 3427 821 3492 iterari
849 3429 947 3494 etiam
969 3429 1136 3496 iusserunt.
1181 3431 1264 3497 Nam
1287 3429 1334 3496 sic
1355 3450 1425 3496 rem
1448 3451 1483 3496 se
1563 3449 1564 3454 ’

343 3530 495 3598 habuisse
518 3530 713 3596 Dicaearchi
740 3531 842 3598 verba
868 3532 1022 3598 indicant.
1069 3531 1250 3615 Quaeritur,
1278 3533 1406 3614 quando
1431 3555 1483 3599 co·

342 3634 473 3701 moedia
494 3634 613 3700 iterata
635 3634 685 3700 sit.
718 3634 785 3698 Viri
808 3635 895 3702 docti
918 3635 986 3702 fere
1010 3656 1120 3702 omnes
1142 3634 1294 3720 proximis
1317 3635 1483 3722 Dionysiis

344 3738 378 3803 id
411 3739 533 3804 factum
566 3757 637 3803 esse
672 3744 821 3822 censent,
856 3745 954 3821 atque
992 3739 1168 3823 probabilis
1205 3759 1283 3804 sane
1317 3745 1366 3804 est
1399 3740 1484 3806 haec

418 3960 437 4028 ¹]
455 3961 589 4031 Legimus
607 3961 674 4016 libri
692 3961 807 4016 titulum
826 3964 887 4031 περὶ
904 3963 1043 4031 μουσικῶν
1062 3961 1175 4030 α’γιάνιον
1194 3962 1269 4030 apud
1283 3959 1401 4016 suidam
1420 3981 1443 4018 s,
1455 3981 1482 4020 v.

344 4048 454 4102 σκόλιον
472 4053 502 4102 et
520 4048 549 4100 in
567 4047 655 4103 schol.
674 4046 752 4102 Plat.
770 4046 858 4117 Gorg.
876 4065 904 4116 p.
924 4047 972 4100 451
986 4047 1020 4115 D,
1037 4053 1188 4117 praeterea
1207 4048 1237 4101 in
1256 4049 1300 4102 ed.
1319 4047 1427 4102 Aldina
1445 4051 1484 4104 ad

345 4133 395 4187 Ar.
413 4132 499 4203 Vesp.
517 4151 559 4189 vs.
579 4134 645 4188 1238
668 4140 698 4187 et
721 4134 758 4188 ad
782 4131 854 4188 Rau.
872 4134 1007 4200 vs.1302‚
1031 4151 1086 4203 quo
1110 4131 1217 4188 Suidae
1241 4133 1329 4188 verba
1353 4132 1484 4189 Musurus

345 4219 460 4276 videtur
478 4220 704 4289 transposuisse3
723 4219 823 4273 titulus
842 4221 902 4288 περὶ
915 4219 1099 4272 Διονυσιακῶν
1112 4217 1224 4289 dystro»
1245 4225 1339 4273 exstat
1351 4220 1381 4272 in
1393 4220 1484 4275 schol.

347 4303 384 4359 ad
401 4304 451 4358 Ar.
471 4303 525 4360 Av.
548 4306 684 4359 vs.1403.
725 4304 848 4360 Videtur
873 4310 996 4373 uterque
1022 4305 1098 4358 idern
1126 4321 1196 4373 esse,
1223 4321 1317 4375 neque
1344 4321 1423 4376 vero,
1451 4313 1486 4361 ut
1561 4301 1562 4327 ¹

347 4391 457 4461 opinor,
476 4391 629 4461 peculiaris
646 4391 721 4446 liber
738 4391 804 4453 fuit,
822 4391 873 4446 sed
891 4407 959 4461 pars
977 4391 1075 4460 magni
1093 4391 1188 4461 operis
1206 4391 1386 4460 Dicaearchi,
1407 4393 1484 4463 quod

345 4477 513 4549 inscriptum
532 4483 596 4532 erat
614 4482 678 4540 Βίος
691 4476 828 4538 Ἑλλάδος.
