3140 5266
575 367 765 430 ,9,

190 555 392 620 Praecedunt
437 561 543 620 61116111
589 563 732 640 16616616
777 557 1005 641 Daetalenscs,
1059 557 1239 642 Babylonii,

96 659 337 743 Acharnenses,
362 678 442 741 quas
465 658 649 726 comoedias
666 659 848 726 Callistrato
872 660 1036 726 docendas
1059 661 1238 727 dediderat.

97 762 170 828 Sed
194 783 323 829 curnam
345 763 577 848 Aristophanes
598 785 661 829 nou
677 784 733 830 suo
749 764 875 830 nomine
891 765 950 830 has
965 765 1093 830 fabulas
1110 765 1240 831 docuit?

98 865 168 930 Cur
200 865 300 931 tribus
333 865 460 931 demum
494 866 586 932 aunis
619 873 692 952 post
723 888 820 950 quam
846 868 949 952 prima
980 875 1055 934 acta
1078 876 1149 934 erat
1170 868 1240 953 ipsc

98 969 233 1036 chorum
255 970 392 1054 petivit?
438 970 542 1048 Quam
568 993 635 1038 rem
663 972 759 1037 facile
783 972 1043 1055 intelligerem,
1073 973 1100 1038 si
1123 981 1238 1057 postea

98 1095 228 1158 semper
261 1075 331 1159 ipse
365 1075 541 1158 docuisset3
580 1082 614 1140 at
651 1097 691 1142 ne
729 1083 795 1141 tum
829 1077 957 1158 quidem
992 1077 1174 1144 Callistrato
1208 1083 1240 1144 et

97 1177 262 1248 Philonidi
297 1178 480 1244 comoedias
514 1181 691 1246 concedere
727 1179 858 1263 destitit,
895 1179 970 1262 quin
997 1181 1095 1246 etiam
1122 1183 1239 1266 plures,

99 1288 254 1366 quantum
277 1282 354 1348 licet
376 1283 496 1368 videre,
525 1304 621 1365 quam
643 1284 712 1368 ipse
735 1284 768 1348 in
790 1303 942 1349 scaenam
966 1285 1130 1350 commisit.

189 1387 256 1454 Sed
279 1387 457 1470 audiamus,
482 1408 565 1470 quae
581 1395 679 1472 pocta
695 1388 764 1472 ipse
780 1395 899 1472 narrat,
925 1410 995 1454 oum
1011 1390 1142 1474 saepius
1157 1390 1242 1456 banc

99 1512 169 1556 rem
192 1490 299 1556 iocose
323 1497 357 1556 et
378 1490 543 1574 ingeniose
567 1491 686 1557 luserit.
722 1493 829 1574 Atque
852 1492 972 1576 primus
995 1499 1043 1558 est
1066 1495 1156 1560 locus
1178 1495 1242 1578 ille,

100 1615 198 1678 quem
225 1593 320 1659 modo
343 1594 554 1678 laudavimus,
578 1596 659 1676 Equ.
684 1615 730 1660 vs.
751 1597 814 1659 512
838 1615 907 1678 sqq.
947 1597 984 1660 ln
1006 1596 1069 1662 hac
1091 1598 1242 1679 Equitum

99 1699 255 1782 parabasi
278 1700 393 1765 multos
415 1706 527 1764 narrat
541 1699 772 1783 Aristophanes
789 1700 882 1765 adse
899 1700 1026 1766 venisse
1042 1707 1075 1766 et
1090 1701 1242 1768 mirantes

101 1802 310 1886 quaesivisse,
346 1823 402 1868 our
434 1824 498 1868 11611
531 1803 594 1868 16111
629 1803 749 1868 dudum
783 1823 840 1868 suo
872 1803 998 1869 nominc
1029 1805 1158 1870 chorum
1186 1827 1242 1890 po-

100 1906 268 1991 poscisset.
315 1906 466 1972 Consulto
490 1927 524 1971 66
549 1913 733 1974 cunctatum
757 1926 828 1972 esse
853 1913 886 1972 et
908 1906 1098 1990 haesitasse,
1123 1930 1194 1974 cum
1211 1915 1244 1975 et

100 2016 205 2086 artem
228 2010 389 2094 poeticam
412 2009 550 2075 omnium
571 2009 792 2075 difficillimam
807 2016 937 2095 putaret
953 2017 985 2076 61
1000 2011 1243 2078 Atheniensium

100 2114 227 2179 animos
255 2113 362 2178 varios
391 2120 489 2196 atque
519 2114 689 2180 mutabiles
720 2135 791 2179 esse
818 2113 906 2179 haud
929 2114 1102 2196 ignoraret.
1149 2117 1243 2194 Quod

99 2225 273 2303 postquam
307 2219 463 2303 exemplis
495 2218 677 2302 illustravit,
712 2239 803 2283 suam
837 2225 939 2283 artem
974 2226 1141 2303 comparat
1170 2243 1242 2288 cum

99 2322 248 2388 nautica:
280 2321 439 2387 nemiuem
467 2323 715 2405 gubernatorem
744 2322 853 2387 statim
876 2321 1030 2388 exsistere
1053 2345 1159 2408 posse,
1184 2325 1243 2391 sed
1307 2374 1309 2379 ·

99 2425 247 2491 omnibus
271 2425 424 2509 deinceps
444 2425 626 2490 muneribus
642 2424 829 2508 fungentem
845 2426 1013 2509 paullatim
1029 2427 1073 2491 ad
1089 2447 1243 2494 summum

98 2531 206 2594 locum
228 2528 407 2613 pervenire,
431 2530 561 2594 161141
586 2549 671 2611 sqq:

144 2636 234 2696 ταῦτ’
260 2632 413 2718 ὀρρωδῶν
437 2633 591 2718 διέτριβεν
613 2635 675 2707 δεῖ,
699 2634 752 2695 καὶ
775 2633 858 2718 πρὸς
881 2631 1043 2698 τούτοισιν
1059 2636 1199 2717 ἔφασκεν

144 2735 254 2822 ἐρέτην
276 2741 389 2822 χρῆναι
406 2741 520 2822 πρῶτα
535 2741 702 2816 γενέσθαι,
726 2737 805 2821 πρὶν
821 2738 996 2821 πηδαλίοις
1011 2738 1196 2823 ἐπιχειρεῖν,

144 2841 213 2920 κᾷτ’
238 2840 390 2906 ἐντεῦθεν
412 2846 637 2927 πρῳρατεῦσαι
660 2842 712 2904 καὶ
735 2841 812 2914 τοὺς
834 2842 973 2923 ἀνέμους
998 2841 1188 2928 διαθρῆσαι,

146 2944 231 3024 κᾷτα
252 2948 409 3031 κυβερνᾶν
430 2945 532 3008 αὐτὸν
552 2941 666 3029 ἑαυτῷ.

188 3049 259 3115 Nou
282 3047 366 3113 licet
397 3069 438 3114 ex
467 3047 530 3112 hac
554 3068 618 3130 qua
640 3047 739 3113 utitur
761 3055 860 3132 poeta
883 3047 1089 3113 similitudine
1113 3049 1243 3114 efficere

96 3152 349 3236 Aristophanem
377 3152 409 3217 in
437 3151 611 3218 comoediis
641 3153 706 3218 suis
734 3158 810 3218 61116
841 3153 975 3235 Equites
1006 3154 1110 3218 doctis
1132 3161 1242 3238 partes

98 3256 221 3339 egisse3
246 3256 280 3320 id
303 3276 398 3322 unum
420 3256 554 3321 concedi
570 3262 686 3340 potest,
711 3256 798 3338 quod
812 3257 918 3322 multis
935 3257 1037 3322 visum
1054 3264 1111 3340 661,
1135 3258 1242 3323 verbis

97 3360 177 3434 τούς
200 3360 339 3441 ἀνέμους
363 3359 541 3445 διαθρῆσαι
564 3381 637 3426 611111
653 3381 780 3426 sensum
795 3363 939 3445 subesse,
960 3368 994 3427 ut
1009 3362 1241 3446 Aristophanes

97 3463 221 3530 fabulis
243 3462 350 3529 alieno
373 3463 499 3530 nomine
524 3464 699 3530 commissis
722 3453 834 3529 auram
857 3467 1046 3550 popularem
1070 3467 1242 3532 observare

97 3567 247 3652 voluerit,
283 3568 359 3650 quia
386 3568 448 3632 hoc
476 3567 642 3633 consilium
673 3568 741 3633 eius
769 3589 884 3634 revera
911 3569 980 3634 fuit.
1026 3569 1113 3636 Nihil
1140 3571 1240 3652 ultra3

96 3693 176 3738 116111
203 3672 265 3736 hoc
292 3677 416 3736 tantum
439 3671 518 3737 dicit
540 3677 656 3757 poeta:
687 3671 856 3756 permagni
879 3693 913 3737 se
937 3672 1046 3738 facere
1070 3674 1241 3758 poeticam,

99 3797 209 3859 quam,
224 3783 259 3840 ut
275 3776 470 3858 gubernator
486 3781 588 3840 artem
602 3776 748 3859 regendi,
765 3776 811 3841 ita
827 3775 896 3860 ipse
913 3777 1080 3860 paullatim
1096 3777 1241 3844 ediscere

98 3879 258 3963 debuerit,
283 3879 468 3963 priusquam
491 3879 523 3942 in
546 3880 708 3963 publicum
731 3879 860 3962 prodire
884 3880 1031 3963 potuerit.
1068 3881 1109 3944 Et
1133 3902 1241 3963 quam-

98 4005 198 4067 quam
231 3985 356 4048 Musam
390 3983 454 4048 ia'm
487 3984 622 4068 primam
656 4003 748 4049 suam
781 3984 926 4049 fabulam
959 3983 1089 4068 placido
1122 3985 1240 4051 lumino

96 4087 219 4152 vidisse
248 4088 364 4172 plausu
392 4093 610 4171 spectatorum
639 4087 773 4152 edoctus
800 4094 895 4171 66661,
925 4093 1032 4151 16111611
1057 4087 1171 4152 civium
1195 4089 1240 4154 in-

98 4191 314 4257 constantiam
337 4191 500 4256 timentem
520 4212 560 4256 116
577 4197 642 4256 16111
659 4190 788 4274 quidem
804 4211 838 4256 sc
855 4211 966 4256 ausum
983 4209 1053 4256 6666
1070 4191 1240 4258 discrimen

97 4298 221 4363 facere.
266 4293 388 4373 Quibus
419 4295 460 4360 de
488 4295 610 4361 caussis
639 4301 706 4360 tam
729 4295 783 4360 diu
806 4301 991 4360 cunctatum
1013 4301 1114 4360 semet
1136 4295 1240 4379 ipsum

98 4407 166 4466 tum
189 4401 317 4466 demum
339 4398 490 4482 Equitum
513 4399 643 4465 chorum
666 4399 829 4485 petivisse.
876 4399 938 4464 Hic
960 4419 1072 4465 sensus
1094 4401 1239 4468 versibus

98 4506 223 4588 subest,
240 4504 318 4568 nihil
334 4503 431 4570 etiam
448 4503 578 4588 insuper
593 4504 746 4587 colligere
762 4505 815 4569 vel
831 4503 937 4588 potius
953 4503 1149 4574 comminisci
1165 4505 1241 4573 licet
