3140 5266
807 321 993 384 „g-

329 508 495 593 ἐπικουρεῖ
508 508 525 570 ὁ
547 509 682 594 ποιητὴς
697 517 764 583 τοϊς
778 512 914 583 θεαταῖς
930 508 1018 591 ὑμῖν,
1035 507 1119 572 ἀλλὰ
1135 509 1178 572 δι’
1193 506 1308 595 ἑτέρων
1324 531 1492 594 ποιητων

330 611 454 698 ίάθρα,
481 610 594 697 ἐπειδὴ
624 612 680 675 διὰ
711 612 894 677 Φιλωνίδου
922 614 974 675 καί
999 611 1240 698 Καλλιστράτου
1263 615 1375 676 καθίει
1398 612 1492 678 τινὰ

330 718 394 778 τοῖν
423 715 606 801 δραμάτων.
646 719 777 801 πρῶτον
804 715 865 801 γὰρ
895 715 1006 803 δρᾶμα
1035 715 1077 778 δι’
1107 714 1226 780 ἑαυτοῦ
1247 720 1373 802 καθῆκε
1395 717 1491 789 τούς

331 819 477 892 Ἱππέας.

416 923 460 988 At
488 927 590 988 restat
620 921 742 1005 aliquid
766 923 964 989 difficultatis
987 923 1020 987 in
1042 943 1173 988 numero
1196 924 1312 1007 plurali
1335 922 1489 1010 ἑτέροισι

331 1036 491 1111 ποιηταῖς,
516 1046 587 1092 cum
610 1046 690 1092 unus
713 1027 915 1093 Callistratus
940 1027 1077 1110 intelligi
1099 1026 1210 1111 possit.
1263 1027 1354 1105 Quae
1377 1049 1488 1113 prae-

332 1132 450 1198 cedunt
477 1130 578 1196 verba
606 1129 789 1216 ἐπικουρῶν
815 1130 957 1217 κρύβδην
986 1130 1063 1196 mihi
1086 1130 1216 1214 quidem
1238 1131 1316 1196 nihil
1339 1137 1489 1197 movent
1558 1207 1559 1214 η

332 1235 555 1319 dubitationis,
591 1256 665 1300 nam
693 1234 925 1319 Aristophanes
955 1235 1073 1301 fabulis
1100 1235 1261 1302 concessis
1285 1236 1486 1302 Callistrato
1558 1215 1559 1232 ¹

332 1345 365 1406 et
379 1337 540 1405 Philonidi
562 1359 677 1404 revera
699 1339 908 1406 succurrebat
923 1340 976 1404 vel
992 1359 1047 1404 eos
1062 1338 1250 1423 adiuvabat,
1275 1346 1374 1423 atque
1390 1340 1484 1406 illud

332 1442 461 1527 quidem
490 1443 573 1507 clam
600 1443 729 1526 populo.
775 1441 841 1508 Sed
870 1442 947 1525 quid
970 1442 1011 1508 de
1034 1463 1164 1508 numero
1188 1444 1328 1528 plurali?
1375 1445 1482 1529 Quid,

331 1547 359 1614 si
381 1551 480 1631 poeta
501 1547 676 1630 paullulum
691 1545 860 1628 gloriosius
874 1547 999 1612 locutus
1015 1549 1087 1612 est?
1118 1545 1153 1612 Si
1169 1567 1278 1612 verum
1293 1550 1483 1644 papllnlum

332 1649 493 1716 correxit?
524 1649 574 1714 An
602 1669 665 1714 non
687 1650 894 1733 putabimus?
928 1652 1048 1716 Fateor
1069 1651 1154 1716 hano
1177 1672 1283 1717 meam
1305 1671 1377 1718 esse
1401 1673 1482 1718 sen-

332 1753 475 1837 tentiam,
492 1773 564 1818 cum
580 1752 644 1818 alio
660 1753 754 1818 modo
770 1755 927 1839 pluralem
942 1755 1146 1839 interpretari
1157 1775 1286 1840 prorsus
1298 1777 1477 1839 nequeam.

333 1859 482 1924 Ceterum
505 1856 627 1922 eomieo
651 1858 715 1922 tale
733 1857 856 1940 aliquid
871 1880 934 1924 non
949 1864 1056 1942 potest
1070 1858 1148 1924 vitio
1164 1859 1256 1942 verti,
1279 1861 1479 1944 praesertim

333 1981 405 2028 oum
428 1961 526 2027 etiam
542 1960 735 2044 Philonides,
760 1982 833 2026 oum
855 1969 952 2046 poeta
975 1962 1057 2027 haec
1077 1963 1178 2028 verba
1193 1963 1358 2047 scriberet,
1383 1965 1481 2030 fabu-

332 2068 398 2132 lam
412 2064 691 2148 Aristophaneam,
715 2065 826 2131 Nubes
849 2065 981 2148 scilieet,
1005 2065 1069 2130 iam
1093 2065 1263 2150 docuisset,
1288 2067 1329 2132 de
1353 2088 1420 2151 qua
1441 2089 1481 2134 re

333 2169 418 2236 infra
448 2167 630 2235 accuratius
656 2167 900 2251 disputabimus.
952 2167 1039 2234 Fieri
1061 2169 1159 2251 igitur
1182 2169 1278 2236 facile
1302 2171 1418 2256 potuit,
1443 2178 1482 2236 ut

333 2273 565 2358 Aristophanes
593 2271 685 2338 huius
714 2272 761 2340 rei
789 2293 908 2338 mernor
937 2278 1113 2357 temporum
1136 2273 1247 2339 ordine
1270 2274 1333 2340 hao
1354 2297 1421 2341 una
1445 2276 1480 2340 in

333 2399 368 2444 re
391 2377 494 2444 minus
518 2375 689 2458 diligenter
712 2382 839 2441 servato
864 2375 904 2441 de
920 2375 1077 2441 industria
1092 2377 1249 2460 pluralem
1264 2384 1400 2463 poneret
1416 2401 1477 2463 pro

335 2480 528 2565 simpliciore
550 2478 714 2562 singulari.
749 2480 816 2545 Sed
838 2485 908 2544 utut
930 2480 1013 2545 hace
1035 2500 1087 2544 res
1109 2500 1144 2545 se
1168 2480 1276 2566 habet,
1300 2481 1380 2548 illud
1402 2504 1477 2548 meo

335 2584 454 2652 iudicio
485 2583 624 2650 dilucide
654 2583 790 2649 efficitur
818 2604 859 2648 ex
882 2582 952 2667 hoo,
982 2583 1022 2648 de
1046 2603 1108 2666 quo
1132 2584 1266 2668 agimus,
1295 2586 1479 2670 Vesparum

335 2691 406 2755 loco
436 2687 663 2770 Callistratum,
699 2687 753 2770 qui
785 2687 924 2752 maxime
957 2687 1186 2770 intelligendus
1214 2689 1255 2753 sit
1282 2688 1315 2753 in
1342 2687 1479 2776 ἑτέροισι

269 2838 273 2845 ·
336 2802 499 2880 ποιηταῖς,
529 2797 659 2876 poetam
687 2791 842 2858 cornicum
865 2792 972 2858 fuisse.
1022 2793 1093 2858 Iam
1114 2791 1212 2875 igitur
1234 2792 1334 2877 ipsius
1356 2794 1478 2860 Aristo-

336 2897 452 2983 phanis
493 2895 673 2962 testimonio
716 2894 750 2960 id
793 2896 880 2977 quod
917 2895 1072 2979 suspicati
1115 2916 1221 2962 sumus
1258 2917 1368 2962 verum
1406 2917 1477 2965 esse

338 3001 478 3068 evictum
502 3007 560 3066 est.

422 3104 565 3187 Uterque
599 3103 705 3187 igitur,
740 3108 773 3168 et
803 3101 1005 3168 Callistratus
1039 3107 1072 3168 et
1105 3101 1300 3186 Philonides,
1337 3103 1479 3170 comicus

337 3207 397 3274 fuit
419 3213 526 3292 poeta.
577 3208 621 3274 At
649 3228 719 3272 cum
749 3205 941 3272 clarissimus
970 3211 1056 3271 uerte
1085 3210 1198 3270 neuter
1220 3205 1326 3290 fuerit,
1358 3208 1480 3273 nullam

338 3331 408 3376 esse
432 3309 608 3376 Callistrati
631 3315 777 3394 poetae
806 3308 894 3393 apud
917 3307 997 3373 alios
1019 3307 1213 3374 mentionem
1235 3331 1299 3375 non
1322 3310 1480 3377 debemus

337 3413 459 3496 mirari3
488 3434 562 3478 nam
591 3412 625 3477 id
647 3411 719 3477 aliis
742 3431 868 3494 quoquc
892 3410 1022 3495 accidit,
1047 3411 1235 3496 dequibus,
1264 3413 1325 3479 nisi
1348 3415 1479 3480 nomina

339 3539 446 3584 eorum
470 3536 548 3582 casu
570 3515 678 3598 aliquo
699 3515 945 3599 accepissemus,
968 3513 1047 3579 nihil
1064 3521 1260 3598 compertum
1275 3515 1478 3601 haberemus

339 3621 438 3688 veluti
459 3619 560 3705 Lycis
582 3620 663 3685 Ran.
680 3639 725 3684 vs.
746 3620 785 3684 14
808 3625 840 3683 et
861 3618 1082 3703 Pythangelus
1104 3617 1246 3700 tragicus
1261 3638 1306 3684 vs.
1323 3621 1364 3685 87
1381 3621 1479 3704 plane

340 3724 443 3808 ignoti
466 3729 548 3790 sunt.

427 3827 494 3892 Sed
508 3826 572 3891 iam
588 3825 687 3892 instat
702 3823 859 3908 quaestio,
876 3843 932 3888 cur
947 3823 1077 3888 tandem
1092 3823 1177 3888 hanc
1193 3822 1278 3888 viam
1294 3825 1479 3892 comoedias

341 3951 416 3996 suas
444 3929 583 3996 docendi
611 3934 677 3993 tam
700 3948 800 4011 saepe
824 3933 921 4011 poeta
944 3926 1105 4009 ingressus
1127 3925 1177 3992 sit.
1224 3927 1364 3993 Primam
1387 3929 1479 3995 sabu-

341 4037 443 4101 larum
458 4032 705 4116 Aristophanem
728 4051 784 4096 suo
801 4030 926 4096 nomine
943 4029 1090 4096 docuisse
1106 4029 1240 4112 Equites
1256 4029 1325 4114 ipse
1342 4037 1478 4098 testatur

341 4142 423 4224 Equ.
447 4160 493 4205 vs.
517 4139 580 4204 512
604 4157 692 4220 sqq:

406 4247 429 4306 a
452 4242 487 4305 δὲ
508 4241 693 4323 θαυμάζειν
714 4240 805 4323 ὑμῶν
828 4256 926 4324 φησιν
941 4237 1086 4312 πολλοὺς
1101 4239 1189 4326 αὐτῷ
1205 4239 1403 4326 προσιόντας

407 4347 460 4410 καὶ
475 4346 671 4428 βασανίζειν,
690 4344 732 4420 ὥς
751 4344 823 4425 ουχὶ
837 4343 942 4407 πάλαι
957 4343 1057 4428 χορὸν
1073 4343 1178 4428 αἰτοίη
1190 4345 1267 4406 καθ’
1280 4342 1411 4420 ἑαυτόν,

407 4452 490 4540 ηἠιᾶς
511 4451 588 4533 ὑμῖν
609 4449 728 4512 ἐκέλευε
751 4448 875 4534 φράσαι
897 4446 972 4534 περὶ
996 4445 1125 4512 τούτου.
