3140 5266
478 357 760 428 445-

94 547 260 633 εἰσαγωγῆς
282 549 335 612 καὶ
359 554 419 615 νῦν
439 550 659 638 μιμνήσκεται,
683 553 731 614 ὄτι
754 549 854 613 αὐτὸν
874 550 983 614 Κλέων
1001 549 1180 635 εἰσήγαγεν,
1204 553 1224 633 ἢ

93 648 194 736 ἑτέρας
215 652 286 714 κατ’
303 653 407 718 αὐτοῦ
428 656 600 738 γενομένης
614 653 885 740 Ἀριστοφάνους,
909 654 962 716 καὶ
977 655 1020 740 μὴ
1035 656 1223 739 εἰσαγωγῆς,

93 753 170 818 ἀλλὰ
196 755 332 842 ἀπειλῆς
359 779 456 838 τινος,
486 760 567 844 ὅπερ
598 758 650 821 καὶ
679 757 806 840 μᾶλλον
826 757 1026 844 ἐμφαίνεται.
1066 759 1171 822 ἐκεῖνά
1192 781 1225 820 τε

94 858 148 945 γὰρ
170 859 353 925 ἀναπολεῖν
374 860 568 948 ἀρχαιότερα
591 862 691 937 ἔσται,
715 865 776 926 νῦν
797 885 831 924 τε
852 861 895 936 ὠς
919 864 992 948 περὶ
1013 862 1116 926 αὑτοῦ
1130 861 1223 943 λέγει.

93 963 137 1027 Ex
164 962 271 1029 animo
299 964 495 1030 scholiastae
524 965 764 1033 assentiendum
793 973 857 1048 τοῖς
892 987 968 1032 nam
996 967 1023 1031 si
1045 987 1109 1032 non
1131 986 1224 1050 prae-

22 1083 23 1096 *
93 1072 247 1152 occupato
277 1066 396 1133 iudicio
419 1088 530 1134 versus
553 1068 749 1152 perlegimus
772 1077 805 1134 et
827 1089 1062 1154 percensemus,
1090 1069 1169 1134 nihil
1191 1071 1224 1134 in

93 1170 135 1235 eis
157 1169 198 1236 de
221 1170 438 1255 postulatione
460 1171 596 1238 inveniri
619 1172 834 1238 concedamus
855 1193 988 1239 neeesse
1008 1180 1066 1240 est.
1096 1173 1225 1239 Etenim

92 1274 185 1359 illam,
209 1295 275 1358 qua
290 1274 390 1341 Cleon
406 1275 624 1342 Callistratum
645 1281 718 1360 post
738 1275 988 1360 Babyloniorum
1010 1277 1170 1345 actionem
1192 1278 1225 1342 in

22 1395 23 1460 ι
92 1379 136 1444 ins
172 1385 358 1463 vocaverat,
396 1377 640 1463 intelligendam
676 1401 740 1445 non
777 1400 848 1448 esse
885 1387 973 1448 recte
1007 1382 1071 1448 iam
1105 1383 1226 1448 monuit

92 1482 287 1548 scholiastes.
325 1482 461 1548 Poetam
484 1503 560 1548 vero
584 1483 627 1548 ad
650 1482 771 1549 crimen
793 1484 1033 1568 peregrinitatis
1055 1485 1105 1550 his
1127 1487 1224 1552 versi-

92 1587 146 1651 bus
184 1585 331 1652 allusisse
368 1604 497 1670 prorsus
534 1585 722 1652 incredibile
760 1593 818 1653 cst.
878 1589 962 1655 Nam
1000 1609 1071 1655 eum
1107 1589 1224 1656 vicisse

92 1710 237 1756 caussam
260 1695 292 1756 et
308 1689 460 1756 Cleonem
482 1709 652 1773 superasse
672 1690 819 1756 tradatur
842 1690 994 1777 (φανερὸς
1009 1695 1225 1768 κατασταθεὶς

91 1793 224 1878 πολίτης
253 1793 465 1880 κατεκράτησε
494 1798 553 1858 τοῦ
582 1793 750 1879 Κλέωνος),
781 1794 944 1862 hilaritate
973 1803 1006 1862 et
1028 1797 1148 1879 gaudio
1172 1819 1226 1863 ex-

92 1901 208 1965 sultare
237 1897 328 1964 licuit
355 1903 453 1980 atque
480 1896 632 1983 ὑβρίζειν,
660 1919 722 1964 non
753 1899 947 1983 πιθρκίζειν.
992 1901 1064 1967 Ηοο
1086 1902 1225 1986 accedit,

92 2003 176 2087 quod
208 2024 250 2069 ne
278 2022 341 2068 uno
370 2001 499 2084 quidem
528 2003 628 2069 verbo
658 2023 774 2069 caussa
797 2002 1003 2088 significatur,
1038 2005 1096 2071 sed
1118 2006 1225 2089 potius

91 2107 225 2190 iurgium
253 2106 380 2173 videtur
401 2106 647 2190 intelligendum
670 2127 750 2174 esse.
802 2107 929 2183 Κνίζειν
952 2109 1035 2174 enim
1059 2116 1108 2175 est
1130 2130 1225 2176 sensu

22 2205 24 2266 i
91 2211 218 2297 proprio
240 2211 366 2296 radere,
389 2217 488 2294 atque
511 2232 584 2277 mea
606 2211 766 2277 sententia
788 2212 902 2277 alludit
924 2218 1022 2296 poeta
1044 2211 1106 2277 hoc
1126 2214 1225 2280 verbo

91 2316 132 2380 ad
166 2316 321 2382 Cleonem
354 2314 537 2398 coriarium,
579 2335 650 2380 cnm
677 2315 795 2399 pelles,
835 2320 1009 2398 antequam
1038 2316 1225 2402 depsnntur,

91 2420 160 2485 radi
182 2423 342 2504 oporteat,
365 2426 400 2484 ut
422 2419 543 2508 uellere
566 2425 600 2485 et
622 2419 717 2486 sorde
732 2418 915 2485 liberentur.
947 2419 1043 2486 Oerte
1058 2419 1227 2503 insequen-

22 2595 23 2598 Ἴ
91 2523 173 2590 tibus
200 2522 310 2590 verbis
332 2522 451 2588 slmiles
472 2515 708 2589 ludificationes
730 2522 852 2588 insunt:
887 2523 1074 2609 ἀποδείρειν
1097 2525 1226 2607 quidem

91 2633 217 2712 spectat
243 2626 288 2692 ad
317 2625 486 2692 coriarium
508 2647 614 2709 neque
636 2647 699 2692 non
723 2627 822 2693 verbo
844 2625 972 2709 θλίβειν
994 2647 1046 2692 ars
1069 2627 1226 2712 depsendi

91 2736 227 2797 notatur,
273 2731 387 2813 Itaque
421 2729 574 2796 tractavit
603 2750 664 2814 me,
699 2736 797 2815 poeta
824 2730 935 2815 inquit,
969 2730 1104 2815 proinde
1133 2731 1226 2814 quasi

91 2834 121 2899 in
143 2834 276 2901 officina
297 2855 356 2900 sua
379 2833 517 2900 coriaria
539 2834 658 2917 pellem
679 2833 853 2916 subigeret.
884 2833 956 2898 Vim
978 2834 1154 2900 accusandi
1177 2835 1227 2900 his

92 2939 196 3004 verbis
219 2938 325 3004 inesse
341 2938 427 3004 nullo
443 2944 632 3020 argumento
647 2936 808 3021 probabili
822 2937 980 3021 firmatum
1003 2938 1081 3002 mihi
1097 2938 1226 3022 quidem
1352 2983 1356 2989 -

91 3064 153 3108 non
186 3041 436 3126 accusationem,
477 3040 536 3106 sed
568 3039 671 3106 rixam
704 3040 807 3106 notari
841 3061 1028 3125 persuasum
1062 3047 1120 3126 est,
1156 3062 1227 3108 cnm

91 3145 281 3230 praesertim
310 3150 346 3210 ut
371 3143 450 3209 nihil
479 3143 521 3210 de
549 3142 739 3210 liberatione
762 3143 809 3208 ita
830 3165 871 3210 ne
895 3143 936 3209 de
960 3145 1227 3212 condemnatione

91 3250 221 3332 quidem
236 3249 410 3332 quicquam
423 3248 559 3330 legatur.
592 3246 701 3314 Cleoni
719 3246 863 3331 contigit,
887 3253 921 3312 ut
936 3255 1066 3332 poetam
1083 3250 1227 3316 odiosum

89 3353 199 3420 neseio
223 3373 286 3436 quo
309 3352 404 3418 modo
426 3352 631 3436 perturbaret
653 3357 686 3416 et
702 3351 917 3437 compelleret,
942 3357 977 3416 ut
992 3351 1116 3418 omissis
1131 3355 1227 3438 sugil-

89 3457 264 3524 lationibus
287 3454 485 3540 aliquamdiu
508 3455 695 3522 adularetur
716 3455 769 3521 vel
792 3454 930 3521 caudam
952 3455 1090 3522 iactaret
1106 3457 1227 3541 popelli

22 3613 23 3644 ,
90 3561 237 3646 principi.
284 3559 354 3638 Quo
381 3559 476 3626 modo
499 3558 730 3643 Aristophanes
757 3557 917 3624 hominem
939 3560 1128 3644 popularem
1149 3561 1227 3626 adu-

90 3665 174 3730 latus
186 3663 239 3748 sit,
251 3663 421 3747 nescimus,
437 3661 496 3728 sed
511 3661 668 3746 suspicari
682 3661 773 3746 lieet3
791 3667 888 3744 atque
900 3661 1036 3728 libenter
1048 3664 1227 3750 Droyseno,

22 3769 23 3806 r
89 3769 229 3853 Kockio,
252 3769 385 3833 ltllillero
402 3765 626 3849 Strtlbingensi
647 3765 813 3851 assentior,
838 3765 892 3848 qui
914 3766 947 3831 in
962 3767 1100 3836 Nubium
1116 3769 1229 3835 fabula

90 3878 223 3957 poetam
249 3871 284 3936 id
312 3870 417 3954 egisse
444 3869 506 3934 sibi
533 3875 769 3954 persuaserunt.
819 3869 932 3951 Neque
963 3890 1038 3934 vero
1062 3870 1108 3936 ita
1129 3872 1228 3938 multo

22 4061 23 4064 ρ
90 3983 164 4061 post
179 3974 415 4060 Aristophanes
437 3972 513 4058 ingo
529 3994 664 4040 excusso
680 3973 807 4039 coriarii
822 3972 956 4058 imperio
972 3975 1228 4059 auctoritateque

22 4143 23 4150 ,
90 4099 125 4147 se
150 4079 297 4147 exsolvit.
348 4077 409 4155 cui
437 4077 505 4143 fieri
528 4078 677 4162 potuerit,
705 4082 740 4142 ut
763 4077 863 4143 Cleon
885 4084 1003 4161 poetae
1026 4085 1150 4144 tantum
1172 4101 1229 4166 pa-

22 4167 23 4172 *
90 4206 202 4252 vorem
234 4184 402 4267 incuteret,
437 4188 470 4248 et
504 4182 557 4265 qni
591 4189 658 4248 tum
691 4182 813 4248 factum
843 4182 894 4265 sit,
929 4190 963 4247 ut
993 4182 1011 4267 ἤ
1038 4183 1143 4269 χάραξ
1171 4184 1230 4269 τὴν

22 4315 23 4362 p
90 4288 241 4372 ἄμπελον
269 4285 469 4370 ἐξαπατῆσαι
500 4292 618 4370 posset,
649 4285 682 4350 in
704 4287 883 4369 Vesparum
913 4307 1028 4370 nempe
1052 4288 1229 4372 comoedia,

22 4373 23 4392 ¹
90 4413 152 4458 nec
179 4390 297 4458 scimus
325 4411 386 4456 nec
416 4389 606 4474 divinamus,
643 4396 741 4473 atque
772 4409 883 4454 omnes
909 4389 1123 4473 coniecturae,
1158 4411 1229 4457 oum

91 4515 198 4562 vanae
221 4494 285 4560 sint
307 4500 340 4560 et
361 4493 484 4578 inanes,
507 4493 730 4580 repudiandae
753 4498 834 4560 sunt.
