3140 5266
525 343 739 408 ...41-

34 509 35 560 ³
75 530 139 594 Rau.
163 549 210 595 vs.
237 531 277 596 13
301 529 405 615 doeet,
436 531 489 614 qui
512 531 728 618 Phryuiohum
755 533 910 602 comicum
937 541 972 600 ut
994 534 1195 619 peregrinum

34 721 35 726 ἵ
76 633 263 717 perstrictum
292 653 363 700 esse
388 641 513 700 narrat:
547 635 749 722 κωμῳδεῖται
778 635 814 700 δὲ
843 637 895 700 καὶ
919 637 962 713 ὠς
985 641 1075 715 ξένος
1097 639 1196 720 (set

79 738 247 822 Φρύνιχος).
281 738 389 820 Atque
411 738 444 804 iu
466 737 647 822 fragmento
671 739 810 823 quodam
832 741 1012 826 Eupolideo
1035 741 1195 826 peregrini

76 847 177 923 poetae
199 841 361 926 expressis
383 842 489 909 verbis
511 843 721 929 nominantur,
746 846 832 928 quod
854 846 898 911 ad
919 846 1035 911 similia
1051 847 1197 912 eonvieia

34 955 35 1000 3
76 964 165 1026 neque
186 965 250 1010 non
273 943 317 1010 ad
335 944 584 1030 Aristophanem
607 967 733 1031 quoque
757 953 904 1033 spectare
928 949 1007 1016 satis
1029 950 1196 1034 probabile

77 1053 114 1113 est
135 1048 240 1131 (hlein.
265 1047 304 1114 fr.
320 1049 360 1114 Π.
384 1069 459 1133 pag.
476 1050 550 1115 546.
580 1051 684 1118 Kooln
708 1051 745 1117 ir.
763 1053 853 1134 35'llz

34 1159 35 1182 ²
150 1158 217 1224 tlt
239 1160 378 1236 ἀκούετ’,
401 1160 426 1224 ὦ
448 1164 580 1238 θεαταί,
604 1161 692 1244 τάμὰ
713 1163 766 1226 καὶ
789 1167 909 1240 ξυνίετε

34 1267 36 1296 '
152 1263 277 1349 ῥήματ’·
299 1265 383 1329 εὐθὺ
406 1265 467 1352 γὰρ
490 1265 574 1354 πρὸς
596 1265 680 1348 ὑμᾶς
703 1271 834 1352 πρῶτον
857 1267 1118 1353 ἀπολογήσομαι.

343 1353 523 1450 (Laounam
545 1374 651 1434 statuo
678 1389 749 1434 oum
771 1370 921 1451 Kookio).

152 1473 218 1534 ὅτι
240 1471 410 1546 παθόντες
431 1472 507 1546 τούς
530 1475 640 1549 ξένους
661 1473 720 1555 μὲν
741 1473 847 1554 λέγετε
869 1475 1006 1559 ποιητὰς
1028 1477 1166 1561 σοφούς,

34 1575 36 1636 ἓ
150 1579 187 1662 ἢν
209 1575 247 1639 δέ
272 1599 321 1650 τις
342 1580 406 1641 τῶν
427 1574 546 1642 ἐνθάδ’
568 1576 672 1640 αὐτοῦ
692 1576 774 1662 μηδὲ
795 1581 830 1641 ἓν
851 1589 959 1666 χεῖρον
982 1583 1114 1664 φρονῶν

34 1701 36 1760 5
150 1678 335 1765 ἒπιτιθῆται
357 1684 395 1767 τῇ
417 1678 556 1766 πονήσει,
581 1680 670 1746 πάνυ
694 1681 785 1745 δοκεῖ
804 1687 908 1757 κακῶς
931 1693 1075 1769 φρονεῖν,

34 1837 35 1842 ,
151 1786 297 1864 μαίνεταί
318 1807 351 1846 τε
374 1784 427 1848 καὶ
450 1765 613 1872 παραρρεῖ
631 1789 696 1850 τῶν
718 1791 846 1871 φρενῶν
871 1792 915 1872 τῷ
938 1792 982 1874 σῷ
1004 1787 1101 1876 λόγῳ.

34 1903 35 1944 ῑ
151 1887 218 1950 ἀλλ’
233 1887 304 1970 ἐμοὶ
320 1891 483 1952 πείθεσθε
494 1887 634 1964 πάντως.
655 1889 887 1972 μεταβαλόντες
898 1892 974 1966 τοὺς
985 1891 1130 1976 τρόπους

151 1990 191 2076 μὴ
219 1993 381 2076 φθονεῖθ’
408 1994 487 2058 ὅταν
514 2015 562 2068 τις
589 1993 679 2077 ἡμῶν
706 1997 842 2082 μουσικῇ
868 1999 962 2081 χαίρῃ
990 1998 1071 2060 νέων

34 2171 35 2176 ¹
416 2111 420 2118 ’
891 2097 1010 2180 (συνών
1031 2099 1150 2180 Kook.)

34 2191 36 2200 ’
82 2202 193 2270 Revera
226 2210 336 2270 autem
363 2205 518 2272 eiusmodi
547 2205 693 2272 eonvioia
720 2207 753 2272 in
780 2209 894 2291 vulgus
921 2214 998 2275 nota
1026 2217 1058 2275 et
1081 2212 1201 2278 usitata

34 2335 35 2358 r
85 2306 202 2374 Athenis
223 2307 323 2376 fuisse
346 2314 493 2394 apparet,
518 2309 604 2392 quod
627 2310 729 2376 etalii
746 2311 832 2377 eires
848 2312 909 2377 hoo
925 2313 1019 2378 modo
1036 2335 1055 2379 a
1071 2315 1201 2381 eomiois

84 2411 372 2497 perstringebantur,
396 2414 484 2478 velut
506 2413 719 2499 Hyperbolus,
744 2435 838 2497 quem
859 2417 975 2482 Platon
998 2418 1202 2502 peregrinum

86 2519 111 2577 et
136 2516 268 2601 Lydum,
302 2515 472 2600 Polyzelus
505 2513 667 2599 Phrygem
697 2516 875 2600 appellavit
904 2517 956 2598 (of.
981 2521 1085 2586 ΚοοΙ(ι
1116 2521 1152 2586 fr.
1177 2523 1201 2588 l.

86 2636 146 2700 pag.
167 2619 239 2702 643,
266 2619 336 2684 166.
363 2619 432 2684 167.
461 2639 536 2703 pag.
561 2619 634 2702 645,
660 2621 730 2684 170.
760 2639 836 2704 pag.
854 2621 926 2705 791,
939 2623 981 2702 5).
1016 2623 1058 2690 Et
1074 2631 1202 2690 exstant

86 2720 183 2788 sinilia
216 2723 366 2806 exempla
399 2723 508 2806 multa,
543 2741 648 2805 neque
675 2723 776 2788 solum
804 2724 892 2807 apud
916 2725 1064 2812 nominoe,
1094 2749 1204 2794 verum

87 2825 168 2893 etiam
188 2827 278 2913 apud
300 2832 444 2892 oratores
466 2825 610 2909 aliosque
634 2826 815 2911 scriptores.

154 2931 267 3013 Neque
293 2930 362 2996 veri
390 2929 541 2996 dissimile
571 2949 642 2996 esse
664 2929 741 2994 mihi
763 2930 890 2997 videtur
912 2934 1148 3018 grammaticos,
1178 2936 1204 3000 si

87 3034 150 3101 talia
171 3035 345 3102 maledieta
367 3035 400 3098 in
415 3033 663 3120 Aristophanem
687 3055 813 3118 quoque
836 3035 959 3102 iactata
982 3037 1014 3102 in
1030 3038 1204 3104 comoediis

86 3135 286 3222 inveniebant,
317 3137 555 3223 peregrinitatis
584 3159 732 3204 caussam
762 3160 802 3204 ex
829 3139 878 3204 his
906 3147 1101 3206 commentos
1124 3163 1204 3227 esse,

87 3263 144 3308 eum
180 3265 220 3310 ex
254 3241 506 3308 Aeharuensium
545 3243 699 3326 parabasi
734 3241 981 3326 Aristophanem
1014 3243 1206 3327 Aeginetam

87 3345 168 3413 luisse
200 3345 284 3413 falso
319 3345 507 3429 oolligerent
544 3352 642 3428 atque
679 3346 768 3412 litem
801 3347 889 3412 iham
922 3347 954 3413 in
990 3348 1207 3414 Callistratum

34 3523 35 3528 ἵ
86 3448 225 3519 intentam
254 3451 298 3518 ad
325 3457 455 3535 poetam
477 3450 643 3534 referrent,
673 3449 763 3515 euius
786 3450 944 3534 opinionis
968 3471 1055 3516 error
1078 3451 1109 3516 in
1132 3453 1207 3518 Vita

86 3555 163 3622 nobis
191 3552 338 3622 occurrit.
389 3553 454 3618 Aut
484 3552 591 3637 etiam,
623 3551 709 3634 quod
734 3552 786 3617 vel
809 3552 947 3618 maxime
971 3554 1124 3620 credibile
1148 3562 1207 3640 est,

86 3656 111 3720 in
137 3658 300 3725 oomoedia
329 3656 440 3740 aliqua
468 3656 509 3722 de
537 3657 599 3722 han
622 3676 738 3722 caussa
760 3657 917 3739 legerunt.
953 3657 1061 3735 Quid?
1094 3659 1207 3725 Nonne

86 3760 142 3826 fieri
172 3762 289 3848 potuit,
328 3767 363 3826 ut
400 3761 540 3828 eominus
573 3766 672 3845 poeta
704 3760 814 3826 nescio
848 3760 934 3845 quis,
969 3767 1042 3846 post
1075 3762 1208 3844 Equites

86 3863 217 3952 fortasse,
249 3866 402 3932 Cleonem
430 3866 620 3949 hortaretur,
650 3871 685 3930 ut
711 3871 819 3930 tantas
848 3865 961 3930 oomioi
992 3865 1123 3931 iniurias
1145 3889 1209 3932 non

86 3967 188 4036 inultas
217 3972 409 4056 pateretur?
452 3971 576 4054 Nonne,
611 3975 646 4035 ut
676 3969 774 4035 etiam
800 3967 905 4051 magis
929 3968 1098 4035 coriarium
1121 3970 1209 4052 vulgi

34 4059 35 4128 l
87 4073 252 4160 prinoipem
273 4073 432 4158 illuderet,
464 4074 582 4138 aoerbe
606 4078 639 4138 et
660 4072 794 4137 ridieule
818 4071 848 4136 ei
871 4070 1010 4136 suadere
1033 4072 1146 4155 potuit,
1174 4078 1209 4138 ut

34 4221 35 4260 φ
87 4175 261 4245 insolentem
283 4184 414 4262 poetam
436 4175 676 4261 peregrinitatis
691 4195 780 4241 reum
796 4175 929 4258 faceret,
953 4181 988 4240 ut
1003 4175 1208 4260 Aegyptium,

34 4285 36 4310 '
87 4287 114 4344 ut
137 4303 156 4347 a
183 4302 276 4349 servo
304 4287 407 4346 ortum
438 4302 509 4346 eum
538 4301 608 4346 esse
636 4279 843 4345 convineret?
887 4280 971 4346 Nam
999 4278 1060 4343 hoo
1084 4299 1209 4361 quoque

88 4387 163 4468 apud
184 4385 318 4452 Suidam
339 4386 475 4469 legimus
498 4405 522 4450 s.
547 4403 576 4449 v.
604 4381 852 4469 Ἀριστοφάνηςε
876 4381 958 4456 τινὲς
983 4381 1018 4444 δὲ
1040 4381 1140 4444 atsto
1155 4383 1208 4443 καὶ

88 4488 267 4554 ἀπόδουλον
300 4487 511 4577 ἱστορήκασιν.
567 4487 717 4554 Profeoto
752 4507 816 4551 non
850 4485 979 4570 dubito,
1019 4485 1106 4583 quin
1129 4484 1211 4550 haee
