3140 5266
561 377 600 386 ..
646 340 685 404 37
732 377 773 388 ..

581 438 600 478 0

95 547 172 591 curn
201 535 300 612 poeta
324 525 491 592 inimicitia
513 528 713 612 versabatur,
741 528 809 594 sine
833 527 930 596 dubio
953 523 1174 614 quaecumque
1196 533 1237 598 dc

95 630 162 696 hac
186 630 353 698 inimicitia
377 637 552 716 acceperat
574 632 636 697 hoc
656 634 727 698 loco
743 633 895 718 narravit,
920 635 1006 717 quod
1021 656 1094 701 mea
1110 636 1238 719 quidem

94 735 260 800 sententia
282 734 383 820 ipsius
405 736 506 800 verba
529 742 684 820 arguunt3
715 736 907 802 scholiastae
928 758 1005 804 vero
1028 739 1094 805 tale
1117 739 1239 823 aliquid

95 857 200 922 saepe
224 859 264 904 ac
285 839 424 904 libenter
446 838 563 905 fecisse
586 838 665 904 satis
687 845 797 905 notum
820 847 878 906 est.
909 840 1014 923 Atque
1032 863 1127 925 quam
1143 843 1238 908 fidem

95 963 220 1024 quaeso
244 942 276 1008 ei
298 943 424 1008 omnino
445 942 566 1008 habere
583 943 747 1028 debemus,
772 944 825 1026 qui
841 951 908 1010 tarn
922 944 1092 1011 manifesto
1109 946 1237 1030 enavit,

95 1065 171 1109 cum
201 1045 242 1110 de
265 1045 480 1130 Aristophane
503 1053 658 1130 narraret,
688 1065 772 1130 quae
795 1047 838 1111 ad
862 1046 1079 1112 Callistratum
1100 1047 1238 1131 pertine-

96 1149 201 1214 bant?
231 1148 336 1226 Quam
358 1150 399 1214 ob
422 1169 489 1216 rem
512 1150 752 1234 peregrinitatis
776 1171 924 1216 caussam
946 1158 1019 1236 post
1041 1151 1238 1237 Babylonios

95 1259 207 1317 actam
236 1272 307 1318 esse
330 1258 466 1320 nonest
489 1274 546 1319 cur
568 1254 746 1320 credamus.
798 1255 904 1338 Atque
926 1275 967 1320 ne
990 1255 1085 1320 Vitae
1109 1255 1238 1337 quidem

94 1357 236 1441 scriptor
266 1357 307 1422 de
331 1363 485 1442 tempore,
515 1377 578 1439 quo
600 1357 684 1423 haec
706 1377 823 1424 caussa
846 1358 888 1424 ab
911 1358 1126 1442 Aristophane
1149 1359 1238 1424 diota

95 1461 147 1543 sit,
177 1460 334 1526 credibile
363 1460 535 1544 quicquam
564 1462 716 1545 praebet3
747 1482 810 1545 ego
833 1461 962 1545 quidem
984 1462 1016 1527 in
1039 1462 1146 1527 verbis
1169 1461 1237 1527 eius

95 1564 176 1628 nihil
211 1563 369 1630 eiusmodi
402 1564 545 1630 invenire
580 1585 718 1650 possum.
774 1565 858 1634 Nam
892 1565 978 1648 quod
1011 1566 1117 1630 locum
1148 1565 1236 1631 illum

96 1667 363 1752 Achamensium,
393 1689 487 1752 quem
516 1668 559 1734 ad
587 1689 735 1734 caussam
757 1676 888 1754 propter
910 1669 1106 1753 Babylonios
1129 1676 1237 1736 actam

95 1779 247 1858 spectare
268 1778 404 1857 constat,
428 1779 463 1838 ut
479 1771 704 1839 documentum
719 1774 823 1857 affert,
847 1773 931 1839 hano
948 1793 1096 1840 caussam
1111 1773 1237 1839 videtur

95 1897 226 1960 prorsus
247 1876 484 1944 commiscuisse
501 1898 573 1943 cum
589 1877 718 1944 crimine
735 1877 983 1961 peregrinitatis.
1015 1877 1121 1955 Quare
1137 1885 1235 1963 recte,

93 1988 129 2046 nt
152 1981 276 2066 opinor,
300 1981 461 2064 Bergkius
482 1981 562 2047 illud
584 1985 649 2056 καί,
674 1981 760 2065 quod
782 1981 873 2046 uncis
889 1981 1076 2067 saepsimus,
1101 1981 1235 2065 delevit3

94 2083 170 2152 nam
200 2091 333 2152 servata
361 2085 423 2151 hac
453 2085 675 2150 coniunctione
704 2085 805 2151 verba
832 2085 943 2169 inepta
966 2091 1048 2151 sunt.
1094 2085 1181 2170 Ergo
1204 2085 1237 2151 in

96 2189 259 2274 duplicem
294 2209 433 2255 errorem
466 2195 579 2273 raptus
612 2195 675 2254 cst:
709 2210 784 2254 nam
818 2189 954 2273 primum
987 2189 1075 2254 illam
1106 2197 1236 2274 propter

95 2289 294 2379 Babylonios
335 2293 539 2373 εἰσαγγελίαν
579 2294 676 2377 plane
718 2292 837 2377 omisit,
881 2314 954 2358 curn
996 2293 1235 2378 peregrinitatis

97 2419 245 2464 caussam
277 2417 335 2483 pro
366 2417 406 2463 ea
432 2397 655 2482 substituerem
687 2404 754 2463 tum
776 2417 852 2464 vero
876 2397 1126 2482 Aristophanem
1147 2419 1236 2463 reum

96 2502 195 2568 fuisse
223 2523 265 2568 ex
286 2501 550 2567 Acharnensibus
580 2523 751 2586 perperam
782 2502 945 2568 conclusit.
1000 2503 1118 2567 Totam
1140 2502 1237 2584 igitur

96 2627 160 2672 rem
196 2606 425 2689 grammaticus
459 2605 543 2672 adeo
578 2605 731 2690 contudit,
766 2612 801 2671 ut
834 2606 935 2672 verba
966 2606 1033 2671 cius
1061 2605 1150 2671 nulla
1172 2605 1236 2672 fide

97 2709 196 2794 digna
225 2729 296 2775 esse
325 2709 464 2794 possint3
499 2693 603 2792 neque
634 2729 710 2774 vero
737 2707 809 2793 ipsi,
841 2709 900 2774 sed
929 2707 1104 2793 traditioni,
1140 2705 1237 2791 quam

97 2813 263 2880 confusam
286 2813 424 2898 aceepit,
453 2814 549 2897 culpa
572 2812 778 2878 attribuenda
802 2819 859 2878 est.
912 2813 954 2877 Et
977 2813 1008 2876 in
1031 2812 1085 2877 illo
1110 2833 1236 2896 quoque

17 3001 18 3008 ἵ
96 2920 147 2984 vel
167 2918 307 2984 maxime
323 2916 550 2983 offendendum
567 2923 625 3000 est,
650 2916 736 2998 quod
751 2916 866 2981 iterum
881 2922 979 2999 atque
996 2915 1094 2997 etiam
1109 2916 1237 2982 tertium

97 3023 211 3088 eadem
246 3040 363 3086 caussa
395 3027 495 3104 poeta
529 3020 648 3104 petitus
675 3040 746 3085 esse
777 3019 879 3085 fertur
908 3019 1005 3102 idque
1033 3020 1138 3104 ipsum
1159 3026 1235 3086 ante

97 3127 330 3192 Acharnenses.
384 3124 534 3190 Profecto
565 3124 624 3188 tali
652 3123 847 3207 confusione,
881 3124 985 3206 qualis
1013 3124 1047 3188 in
1076 3129 1145 3190 tota
1173 3123 1236 3190 hac

97 3228 270 3297 traditione
292 3235 394 3314 patet,
419 3228 538 3294 crimen
561 3227 801 3312 peregrinitatis
823 3249 886 3294 non
909 3230 1072 3312 probatur.

183 3334 275 3412 Quae
310 3353 382 3398 cum
415 3333 462 3398 ita
495 3332 567 3416 sint,
602 3333 739 3416 fuerunt,
776 3332 891 3415 quibus
924 3333 1009 3399 hanc
1040 3333 1130 3400 litem
1164 3339 1237 3417 post

96 3438 231 3522 Equites
262 3437 388 3502 demum
417 3436 580 3502 aGleone
608 3442 720 3500 contra
747 3443 878 3520 poet-am
900 3437 1059 3503 audacem
1081 3437 1236 3502 intentam

98 3563 167 3608 csse
199 3539 401 3627 probabilius
434 3539 607 3622 videretur,
641 3539 741 3604 veluti
775 3540 902 3604 Rankio
936 3561 1013 3624 pag.
1041 3540 1151 3605 XXIV
1181 3561 1234 3624 ap.

96 3646 202 3730 Mein,
225 3647 401 3711 Peterseno
422 3645 442 3709 l.
458 3645 478 3708 l.
503 3664 579 3728 pag.
597 3643 671 3727 656,
695 3643 776 3708 aliis.
808 3643 914 3727 Atque
929 3645 964 3709 ¹si
986 3664 1102 3710 revera
1117 3645 1236 3712 Aristo-

97 3749 221 3833 phanes
248 3749 307 3814 tali
335 3747 541 3814 accusatione
565 3754 702 3813 vexatus
725 3755 783 3832 est,
812 3748 896 3814 hanc
920 3749 1114 3815 sententiam
1136 3752 1234 3816 multo

96 3853 344 3937 probabiliorem
382 3871 453 3917 esse
489 3851 627 3918 libenter
665 3852 823 3936 concedo,
867 3873 939 3918 oum
975 3859 1048 3937 post
1083 3853 1236 3936 'Equitum

97 3958 256 4024 actionem
290 3955 522 4040 Aristophanes
555 3955 588 4018 in
622 3955 762 4020 omnium
795 3976 849 4021 ore
883 3964 984 4040 esset,
1025 3957 1146 4042 quippe
1182 3958 1235 4041 qui

97 4060 165 4145 ipsc
192 4060 278 4125 hanc
300 4060 453 4125 acerbam
476 4065 509 4124 et
531 4059 715 4126 mordacem
739 4060 939 4125 comoediam
961 4060 994 4125 in
1016 4080 1168 4126 scaenam
1190 4061 1235 4126 in·

97 4164 254 4246 duxisset,
290 4170 323 4228 et
352 4183 424 4228 oum
451 4163 603 4229 Cleonem
631 4169 738 4246 tantas
769 4162 901 4228 iniurias
929 4164 1028 4228 ultum
1056 4185 1126 4230 esse
1157 4185 1235 4232 sane

97 4267 251 4334 credibile
274 4267 325 4332 sit.
356 4268 470 4350 Neque
492 4287 580 4350 vero,
605 4272 639 4330 ut
661 4267 793 4332 tandem
816 4267 991 4350 aliquando
1015 4268 1092 4351 quid
1106 4268 1177 4353 ipse
1194 4270 1235 4336 de

97 4373 156 4439 hoc
178 4371 420 4458 peregrinitatis
444 4371 574 4438 crimine
597 4369 734 4436 sentiam
757 4371 852 4437 claris
874 4372 981 4437 verbis
1005 4372 1121 4457 dicam,
1151 4365 1234 4439 hanc

98 4497 245 4544 caussam
268 4496 418 4558 umquam
441 4481 558 4559 actam,
584 4473 642 4540 sed
662 4495 790 4558 prorsus
807 4475 1061 4542 commenticiam
1077 4497 1147 4544 esse
1163 4498 1235 4543 cum
