3140 5266
552 346 762 410 ...15-

73 531 211 598 cendas
239 532 405 599 dederunt.
455 534 498 597 Et
526 553 625 617 saepe
655 539 772 617 poetae
796 532 830 597 id
851 532 997 599 lecerunt
1020 554 1058 600 eo
1083 533 1223 619 consilio,

73 642 117 700 ut
150 635 233 701 filios
263 639 315 703 vel
338 637 533 722 propinquos
556 637 674 722 populo
699 637 967 722 commendarent,
997 639 1085 704 velut
1106 639 1225 704 Aristo·

73 740 213 824 phanes
236 741 305 826 ipse
328 741 391 806 hac
414 741 454 806 de
478 761 594 806 caussa
616 741 744 806 Araroti
766 741 830 806 filio
855 741 1007 807 Cocalum
1029 749 1063 808 et
1084 743 1226 808 Aeolosi-

75 865 172 910 cona
195 845 404 928 condonavit3
429 846 470 911 cf.
494 846 577 910 Plut.
601 866 669 928 arg.
694 846 753 910 lV:
785 843 968 930 Ἐδιδάχθη
990 844 1046 908 ἐπὶ
1068 847 1226 931 ἄρχοντος

73 948 332 1033 Ἀντιπάτρου.
350 995 382 1012 ..
417 948 602 1012 τελευταίαν
625 947 661 1011 δὲ
684 948 822 1024 διδάξας
844 947 901 1034 τὴν
919 948 1093 1032 κωμῳδίαν
1108 950 1227 1035 ταύτην

76 1051 141 1114 ἐπὶ
174 1056 219 1137 τῷ
247 1051 319 1136 ίδίῳ
348 1051 484 1134 ὀνόματι
512 1051 565 1113 καί
594 1051 652 1116 τὸν
679 1047 749 1115 υἱὸν
776 1050 878 1115 αὑτοῦ
905 1057 1056 1136 συστῆσαι
1077 1053 1228 1140 ἶίραρότα

79 1154 142 1239 [δι’
173 1155 282 1240 αὐτῆς]
313 1165 380 1230 τοῖς
407 1159 544 1230 θεαταῖς
572 1154 786 1238 βουλόμενος,
821 1156 862 1218 τά
891 1155 1063 1220 ὑπόλοιποι
1091 1157 1151 1220 δύο
1182 1157 1224 1220 δι’

77 1259 210 1323 ἐκείνου
244 1261 379 1344 καθῆκε,
414 1257 569 1324 Κώκαλον
602 1258 654 1321 καὶ
689 1259 926 1324 Αίολοσίκωνα.
982 1260 1084 1338 Quem
1121 1260 1225 1346 finem,

77 1363 212 1428 scilicet
235 1370 270 1429 ut
291 1363 372 1428 filios
394 1383 468 1430 snos
490 1365 608 1448 populo
632 1364 902 1450 commendarent,
926 1371 1036 1450 patres
1057 1387 1121 1430 non
1141 1387 1227 1433 asse·

79 1468 153 1533 cuti
176 1473 294 1551 essent,
317 1467 378 1532 nisi
401 1469 483 1533 tales
505 1474 623 1552 poetae
646 1467 845 1552 suppositicii
868 1490 889 1533 a
911 1470 1030 1554 populo
1052 1470 1121 1536 veri
1136 1470 1227 1536 fabu-

78 1573 190 1636 larum
212 1577 361 1636 auctores
384 1592 509 1656 semper
531 1570 634 1636 hahiti
658 1577 773 1638 essent.
808 1572 1000 1656 Exemplum
1019 1572 1095 1638 licet
1110 1575 1226 1640 afferro

79 1676 181 1742 huius
203 1674 251 1741 rei
274 1676 355 1741 Ran.
380 1696 425 1741 vs.
451 1677 491 1740 λλ
515 1694 600 1757 sqq.:

535 1784 568 1842 H
575 1783 637 1842 ΡΑ
644 1783 707 1844 ΚΛ
712 1783 787 1844 ΗΣ.

246 1886 278 1944 τί
300 1882 351 1964 δ’,
376 1884 435 1946 οὐκ
456 1883 572 1968 Ἰοφῶν
595 1882 648 1969 ζῇς

524 1991 554 2048 Δ
561 1991 581 2048 Ι
585 1990 651 2049 ΟΝ
658 1991 688 2048 Y
688 1989 792 2049 ΣΟΣ.

644 2094 739 2154 τοῦτο
763 2089 824 2173 γάρ
847 2113 896 2152 τοι
918 2090 970 2152 καί
985 2090 1089 2172 μόνον

246 2197 287 2258 ἔτ’
311 2194 376 2258 ἐστὶ
399 2194 519 2259 λοιπὸν
540 2194 685 2275 άγαδόν,
709 2196 738 2256 εί
759 2194 812 2256 καί
836 2195 920 2258 τοῦτ’
945 2197 1023 2279 άρα·

155 2301 206 2365 75.
243 2300 282 2363 οδ
304 2300 365 2386 γάρ
388 2298 465 2382 σάφ’
491 2297 555 2362 οἶδ’
578 2298 652 2362 οὐδ’
675 2297 755 2361 αὐτὸ
778 2298 873 2361 τοῦδ’
898 2300 988 2372 ὅπως
1011 2299 1083 2379 ἔχει.

155 2509 207 2573 78.
243 2510 294 2582 οὔ,
319 2512 398 2593 πρίν
420 2508 449 2587 γ’
474 2511 515 2572 dv
537 2507 699 2590 Ἰοφῶντ’,
722 2505 903 2589 ἀπολαβών
925 2506 1026 2572 αὐτὸν
1047 2507 1162 2589 μόνον,

245 2613 321 2676 άνευ
343 2611 550 2696 Σοφοκλέους
574 2613 643 2674 δτι
666 2620 758 2672 ποιεῖ
777 2608 962 2684 κωδωνίσω,

85 2716 206 2798 quibus
228 2722 367 2798 apparet
388 2714 601 2780 Athenienses
625 2713 799 2797 dubitasse,
824 2720 927 2778 utrum
943 2712 1065 2796 Iophon
1081 2714 1228 2797 proprias

84 2817 278 2902 tragoedias
301 2818 433 2884 doceret
456 2840 498 2883 an
521 2817 690 2902 Sophoclis
712 2817 828 2901 patris,
853 2817 893 2882 cf.
917 2816 1016 2881 schol.
1041 2816 1085 2881 ad
1109 2837 1154 2881 vs.
1173 2819 1227 2882 73:

86 3027 134 3089 du
162 3027 282 3102 ζῶντος
308 3029 367 3090 τοῦ
394 3025 518 3109 πατρὸς
545 3025 657 3088 αὐτοῦ.
712 3023 764 3086 διὸ
794 3023 991 3108 ἀμφιβάλλει
1017 3023 1143 3108 μήποτε
1170 3027 1229 3087 τοῦ

87 3130 298 3214 Σοφοκλέους
319 3132 367 3214 εἴη
389 3127 518 3214 είρηκῶς
540 3127 737 3215 τραγῳδίαν,
766 3165 806 3176 -·-
838 3133 870 3193 et
897 3128 941 3192 ad
963 3149 1008 3193 vs
1035 3129 1089 3194 78:
1112 3151 1228 3213 κωμῳ-

91 3235 195 3298 δεῖται
223 3233 284 3318 γὰρ
314 3232 475 3320 ὁΙἸοφῶν
502 3231 519 3295 ὁ
547 3228 616 3306 υῖδς
644 3231 852 3316 Σοφοκλέους
881 3230 923 3305 ῶς
953 3231 994 3294 τά
1023 3237 1082 3295 τοῦ
1104 3231 1228 3317 πατρὸς

89 3337 193 3416 λέγων
227 3334 405 3420 ποιήματα.
446 3334 583 3408 ’Ἀλλως
633 3381 640 3396 .
673 3381 680 3396 .
713 3333 798 3396 .ε’πὶ
832 3359 876 3420 τῳ
909 3345 979 3408 ταῖς
1013 3338 1072 3398 τοῦ
1104 3334 1229 3418 πατρὸς

89 3439 287 3528 τραγῳδίαις
321 3439 566 3526 ἐπιγράφεσθαι
593 3438 794 3524 κωμῳδεῖται
824 3437 904 3514 κτλ,
939 3439 994 3504 uhi
1023 3438 1122 3504 verbo
1152 3437 1228 3500 ἐπι-

91 3545 280 3630 γράφεσθαι
307 3543 427 3626 liquidc
457 3548 548 3628 patet
574 3542 741 3626 Iophontis
769 3564 885 3608 nomen
914 3542 1042 3627 publice
1066 3542 1098 3606 in
1121 3542 1229 3607 album

90 3654 259 3733 poetarum
297 3647 433 3712 relatum
470 3667 550 3712 esse.
612 3645 777 3712 Consentit
814 3645 931 3711 Suidas
969 3666 994 3712 s.
1029 3668 1058 3712 v.
1092 3647 1227 3730 Ἰοφῶνε

93 3800 99 3815 .
124 3800 132 3815 .
157 3799 164 3814 .
191 3750 343 3838 δράματα
366 3750 402 3814 δὲ
423 3752 540 3835 Ἰοφῶν
562 3749 692 3826 ἐδίδαξε
714 3749 761 3826 ν’,
788 3747 834 3813 ῶν
855 3749 940 3814 ἐστὶν
960 3749 1133 3833 Ἀχιλλεύς,
1161 3749 1228 3834 Τή-

91 3857 203 3941 λεφος,
225 3855 394 3929 Ἀκταίων,
423 3855 517 3917 Ἰλίου
547 3857 671 3940 πέρσις,
696 3851 891 3935 Δεξαμενός,
914 3852 1055 3933 Βάκχαι,
1081 3853 1230 3926 Πενθεὺς

92 3961 143 4022 καί
173 3957 258 4021 ἄλλα
285 3958 358 4022 τινά
379 3963 438 4022 τοῦ
461 3958 585 4043 πατρὸς
607 3955 824 4040 Σοφοκλέους.
869 3955 1021 4022 Similiter
1044 3956 1230 4039 colophon

93 4060 287 4146 Euphorion,
310 4061 393 4127 filius
407 4061 570 4146 Aeschyli,
595 4067 628 4126 ct
649 4062 732 4125 alter
747 4058 919 4143 Euripides
935 4059 1051 4124 fecisse
1067 4058 1228 4142 videntur,

95 4165 133 4230 ci.
149 4164 255 4231 Suid.:
279 4165 465 4251 Εὐφορίων,
490 4159 558 4238 υίὸς
582 4162 752 4244 Αἰσχύλου
776 4166 835 4227 τοῦ
857 4166 1023 4248 τραγικοῦ,
1046 4162 1228 4246 Ἀθηναῖος,

94 4267 242 4354 τραγικὸς
275 4269 328 4330 καὶ
355 4267 468 4341 αδτός,
497 4269 532 4341 δς
562 4267 614 4329 καί
642 4276 710 4341 τοῖς
736 4271 797 4329 τοῦ
823 4265 948 4352 πατρὸς
977 4265 1150 4346 Αἰσχύλου,
1182 4263 1230 4341 οίς

96 4373 191 4456 μήπω
216 4370 253 4455 ἢν
274 4370 531 4452 ἐπιδειξάμενος,
555 4370 698 4456 τετράκις
717 4368 874 4454 Eutropium,
899 4369 1116 4435 avitum:
1140 4365 1230 4444 υἱοὺς

97 4475 244 4538 κατέλιπε
258 4485 340 4559 τρεῖς
358 4476 416 4559 (se.
432 4473 642 4560 Εὐριπίδης),
665 4521 694 4538 ..
713 4521 719 4535 .
733 4473 886 4560 νεώτερον
901 4471 1075 4557 (νεώτατον
1086 4474 1228 4555 Nauck.)
