3140 5266
787 327 996 390 ..25-

325 515 472 598 11111111,
497 513 636 581 dubitari
659 535 721 579 non
744 522 860 599 potest,
885 536 956 581 cum
979 517 1064 583 solus
1087 517 1202 583 chorus
1224 523 1342 602 poetae
1362 535 1419 580 res
1437 515 1481 578 in

325 639 445 684 scaena
484 639 635 684 enarrare
669 619 795 684 soleret.
857 621 971 703 Itaque
1005 620 1031 686 si
1065 626 1189 686 tantum
1221 620 1283 687 sibi
1316 619 1479 703 sumpsit,

326 722 484 788 accedere
512 721 634 803 aliquid
660 741 740 805 opus
763 722 832 807 fuit,
863 743 925 806 quo
947 724 1016 789 ficri
1039 731 1176 808 poterat,
1204 730 1240 789 ut
1261 728 1481 808 spectatores

325 847 393 892 rem
414 826 639 908 intelligerent.
674 827 744 890 Hoc
767 833 874 892 autem
897 827 943 894 ita
966 827 1060 894 modo
1083 828 1152 894 fieri
1174 827 1287 912 potnit,
1310 833 1346 891 ut
1361 833 1478 908 actor,

327 929 380 1012 qui
410 949 445 994 11
474 951 494 994 1
517 929 636 994 Cleone
660 935 845 995 accusatum
869 936 901 995 et
924 932 1008 996 male
1030 936 1204 996 tractatum
1226 951 1297 996 esse
1320 929 1477 1013 dicebat,

327 1039 359 1098 et
386 1052 468 1117 reus,
500 1033 554 1116 qui
583 1054 696 1099 revera
726 1039 896 1100 accusatus
926 1040 959 1100 11
979 1036 1064 1100 male
1087 1040 1244 1102 tractatus
1267 1041 1346 1118 erat,
1376 1034 1478 1100 idem

327 1136 420 1202 homo
448 1143 542 1202 esset.
597 1137 844 1221 Aristophanem
873 1138 905 1202 in
931 1138 1191 1205 Acharnensihus
1220 1137 1478 1225 Dicacopolidis

327 1245 437 1324 partes
464 1240 569 1323 egisse
598 1240 663 1306 iarn
689 1262 747 1326 per
774 1262 809 1307 se
837 1261 899 1306 non
928 1248 977 1308 est
1000 1242 1163 1326 credibile,
1193 1263 1265 1307 cum
1287 1248 1363 1307 tunc
1386 1247 1476 1308 tem-

328 1335 414 1428 poris
441 1344 474 1409 in
502 1343 664 1428 publicum
692 1345 820 1429 prodire
849 1345 988 1412 nondum
1014 1346 1155 1412 animum
1176 1345 1369 1427 induxisset3
1399 1351 1474 1410 tum

328 1469 405 1512 vcro
427 1449 492 1513 tale
516 1448 639 1531 aliquid
662 1450 704 1514 ab
726 1448 856 1533 ingenio
879 1454 1007 1533 poetae,
1032 1449 1136 1532 qualis
1159 1470 1200 1515 cx
1215 1470 1288 1514 mea
1303 1448 1475 1514 sententia

329 1550 402 1634 fuit,
437 1571 566 1636 prorsus
599 1551 771 1617 abhorrere
805 1552 870 1617 iam
897 1552 1012 1618 monui.
1064 1553 1182 1618 Contra
1210 1553 1309 1616 multo
1336 1551 1475 1618 facilius

330 1655 556 1739 Callistratum,
586 1655 704 1741 quippe
735 1655 788 1738 qui
816 1657 911 1722 homo
940 1655 1110 1738 ignobilior
1136 1655 1346 1721 hauddubie
1370 1663 1473 1740 11111,

329 1758 447 1843 primas
475 1766 584 1843 partes
614 1760 718 1844 egisse
748 1760 924 1844 credemus,
955 1760 1054 1842 quod¹
1070 1766 1184 1843 poetas
1207 1781 1270 1825 non
1292 1781 1475 1842 numquam

329 1861 445 1928 fecisse
475 1883 572 1947 supra
601 1863 745 1929 diximus.
797 1863 831 1928 Si
854 1863 915 1929 hoc
939 1863 1120 1948 statuimus,
1149 1863 1206 1928 illa
1227 1861 1359 1930 licentia
1382 1865 1474 1929 bene

329 1967 485 2032 toleratur
506 1989 611 2050 neque
634 1966 722 2052 apud
745 1972 944 2051 spectatores
961 1969 1026 2034 ulla
1042 1968 1176 2033 offensio
1191 1968 1312 2033 11111111
1328 1973 1474 2052 poterat,

329 2069 424 2135 immo
447 2071 578 2154 plausus
599 2070 743 2153 risusque
768 2091 863 2153 quam
884 2071 1023 2156 maximi,
1048 2093 1120 2137 cum
1134 2072 1171 2156 is,
1195 2072 1249 2154 qui
1264 2092 1379 2138 revera
1393 2092 1475 2136 reus

330 2172 445 2257 fuerat,
470 2174 539 2258 ipse
562 2173 595 2238 in
617 2195 737 2240 scaena
759 2196 826 2240 rem
848 2175 954 2241 ioeosc
979 2181 1011 2240 et
1032 2175 1166 2242 ridicule
1190 2182 1335 2241 narraret
1346 2177 1379 2258 ¹).

419 2295 498 2361 Cum
536 2295 640 2381 ipsum
678 2296 894 2362 Callistratum
933 2297 1175 2382 Dicaeopolidis
1214 2303 1324 2381 partes
1361 2296 1473 2379 egisse

333 2399 584 2483 cognoverimus,
614 2400 726 2484 paucis
755 2405 889 2484 tangere
918 2401 995 2467 licet
1017 2403 1122 2467 locum
1145 2401 1316 2484 quendam,
1341 2422 1382 2466 cx
1405 2421 1474 2482 quo

333 2501 473 2568 dilucide
497 2511 643 2589 apparet,
668 2511 787 2588 quanto
811 2525 910 2589 opere
926 2505 1158 2589 Aristophanes
1172 2504 1333 2570 fictionem
1348 2503 1474 2585 ubique

333 2606 519 2690 1111111111,
543 2611 578 2671 ut
594 2607 794 2673 Callistratus
814 2628 909 2673 verus
925 2614 1023 2692 poeta
1039 2628 1108 2674 1111
1124 2607 1296 2674 videretur.
1331 2606 1474 2672 Dicaeo-

333 2711 415 2795 polis
439 2711 523 2777 enim
545 2711 603 2777 hos
625 2731 735 2777 versus
757 2711 882 2795 recitat,
906 2713 969 2778 496
992 2732 1077 2795 sqq:

334 2969 385 3039 (sc.
398 2970 497 3030 παῖδας
507 2970 735 3042 Ἀριστοφάνους),
755 2973 893 3024 Φίλιππον
908 2973 952 3022 καὶ
970 2969 1114 3040 Ἀραρότα,
1134 2963 1171 3024 ὧν
1181 2973 1226 3022 καὶ
1239 2968 1319 3028 αὐτὸς
1332 2970 1476 3036 ἐμνήσθης

970 3057 1021 3121 τήν
1037 3065 1151 3126 γυναῖκα
1170 3055 1199 3110 δὲ

593 3145 760 3214 αἰσχύνομαι
781 3143 819 3196 τώ
837 3141 860 3195 τ’
878 3140 910 3196 οὔ
930 3143 1080 3211 φρονοῦντι
1100 3142 1198 3194 παιδίω

336 3231 441 3297 (Kock.
469 3231 503 3284 fr.
522 3233 594 3296 588).
635 3229 692 3285 Sed
715 3247 825 3296 vereor,
848 3247 884 3282 111
906 3228 993 3284 foede
1012 3230 1214 3299 grammaticus
1234 3229 1383 3293 erraverit,
1409 3247 1475 3282 cum

335 3323 451 3387 poetam
469 3319 514 3371 his
526 3318 631 3385 verbis,
651 3335 724 3387 quae
742 3316 779 3370 ad
793 3317 935 3370 actionem
948 3316 1009 3369 sine
1023 3315 1109 3370 dubio
1123 3315 1316 3384 pertinebant,
1334 3333 1365 3368 se
1379 3315 1474 3385 ipsum

336 3403 459 3474 intelligi
470 3405 595 3459 voluisse
608 3409 732 3474 putaret.
745 3434 772 3442 -
785 3401 940 3458 Difficilius
954 3407 998 3456 est
1010 3403 1138 3456 iudicare
1151 3404 1187 3456 de
1196 3403 1288 3476 altero
1299 3402 1475 3472 fragmento.

337 3490 389 3543 Est
408 3491 484 3559 apud
503 3490 591 3545 schol.
610 3489 686 3543 Plat.
703 3489 789 3558 Apol.
807 3507 873 3559 pag.
894 3490 925 3543 19
944 3486 974 3556 Ο,
999 3489 1047 3558 qui
1065 3487 1288 3558 Aristophanem
1313 3505 1330 3541 a
1352 3488 1474 3542 Cratino

336 3577 460 3644 illusum,
487 3577 563 3646 quod
586 3576 751 3646 Euripidem
775 3577 944 3642 imitaretur,
971 3576 1001 3628 id
1026 3575 1118 3644 ipsum
1142 3576 1315 3630 concessisse
1339 3575 1412 3630 dicit
1430 3575 1475 3629 his

337 3663 480 3719 versibus:

522 3749 634 3818 χρῶμαι
654 3751 705 3820 γὰρ
724 3747 809 3804 edred
827 3749 876 3803 τοῦ
893 3751 1029 3818 στόματος
1046 3750 1085 3819 τῷ
1103 3749 1267 3819 στρογγύλῳ,

527 3836 589 3896 τούς
607 3835 669 3895 νοῦς
687 3835 712 3888 d'
730 3834 872 3908 ἀγοραίους
889 3827 971 3900 ἧττον
989 3833 1004 3900 ἢ
1022 3833 1116 3894 ’κεῖνος
1134 3834 1204 3886 ποιῶ

340 3939 444 4008 (Kock.
472 3938 506 3992 fr.
525 3937 596 4006 471).
642 3939 792 4008 Conicere,
819 3946 851 3993 ut
878 3938 1074 3993 Callistratum
1101 3938 1131 3990 in
1157 3936 1407 4003 Acharnensibus,
1435 3939 1478 3991 ita

338 4025 562 4095 Aristophanem
581 4025 610 4077 in
629 4025 683 4079 hac
701 4025 801 4079 fabula
820 4024 935 4091 (Σκηνὰς
953 4022 1220 4092 καταλαμβάνουσαν)
1241 4029 1366 4077 actorem
1386 4023 1478 4078 fuisse

339 4129 396 4165 non
424 4113 525 4178 audeo,
554 4113 688 4180 quoniam
715 4112 775 4165 tale
803 4110 911 4181 aliquid
934 4115 1040 4179 poetae
1064 4125 1121 4161 non
1140 4107 1244 4162 tribuo.
1280 4109 1384 4179 Itaque
1404 4114 1480 4165 certi

338 4199 448 4267 aliquid
467 4199 502 4250 de
521 4198 565 4250 his
584 4198 720 4251 trimetris
738 4197 866 4250 iudicare
885 4196 1042 4265 nequimus,
1061 4195 1229 4264 praesertim
1246 4213 1309 4248 cum
1321 4195 1406 4250 huius
1420 4198 1479 4253 loci

341 4303 403 4337 cum
422 4284 485 4337 aliis
504 4301 661 4338 connexum
679 4301 737 4337 non
754 4283 924 4338 noverimus.

413 4386 431 4456 ¹)
451 4388 485 4440 In
503 4386 604 4442 eadem
622 4387 766 4442 sententia
784 4391 850 4441 sunt
868 4385 979 4440 Ranke.
1003 4403 1030 4454 p.
1044 4385 1154 4438 XVIII.
1174 4402 1221 4454 ap.
1239 4385 1324 4440 Mein.
1361 4386 1479 4442 Miiller-

341 4474 437 4530 struo.
465 4475 513 4530 Ar.
531 4493 559 4545 p.
578 4475 637 4530 607.
672 4472 823 4528 Schrader.
850 4473 954 4527 Philol.
973 4471 1213 4543 v01.36.p.396.
1233 4472 1291 4526 1111.
