3140 5266
810 353 1018 420 „20-

347 541 526 610 abiudicari
549 563 613 608 non
634 541 766 627 possint.
812 541 893 608 Sunt
916 541 969 624 qui
991 541 1038 608 ita
1060 540 1298 608 ratiocinantur.
1333 540 1401 606 Sed
1419 561 1476 622 quo

346 646 414 714 iure
437 646 643 712 selroliastam
665 645 727 712 hoe
750 645 821 712 loeo
844 646 885 712 de
908 645 1009 710 tribus
1024 644 1142 711 fabulis
1157 649 1233 712 ante
1247 643 1383 727 Equites
1399 644 1478 708 datis

347 749 508 832 cogitasse
532 747 682 816 contendi
705 750 835 833 potest?
870 747 904 812 Si
928 749 1045 814 lemma
1068 746 1329 831 contemplamur,
1357 746 1479 812 videtur

346 853 463 920 dooere
494 853 642 938 voluisse,
677 872 838 934 quaenam
866 851 962 918 suerit
989 851 1045 918 illa
1073 850 1138 916 alia
1166 850 1285 934 puella,
1320 870 1418 932 quam
1439 849 1479 914 iu-

347 955 453 1024 fautes
480 956 644 1041 expositos
676 993 712 1004 -
746 954 991 1021 Daetaleusium
1019 954 1100 1020 duas
1128 973 1280 1039 personas
1310 953 1479 1038 principer,

345 1059 376 1128 h.
402 1081 429 1128 e.
454 1060 558 1146 ipsam
580 1058 780 1126 comoediam
803 1097 842 1106 -
866 1058 1028 1143 reeepisse
1051 1064 1149 1142 poeta
1172 1056 1297 1124 dixerit.
1336 1056 1431 1135 Quod
1450 1065 1480 1122 ut

346 1163 473 1250 doceat,
507 1163 619 1230 scribit
652 1163 833 1248 Φιλωνίδης
860 1164 913 1227 καὶ
942 1159 1190 1248 Καλλίστριῖτος.
1235 1160 1302 1226 Sed
1324 1160 1387 1226 hoe
1415 1181 1480 1226 esse

345 1267 534 1352 ineptissimi
562 1267 632 1349 quis
660 1287 723 1332 non
750 1266 921 1349 iutelligit?
965 1265 1026 1344 oui
1054 1265 1122 1332 fieri
1149 1271 1265 1350 potest,
1296 1270 1332 1330 ut
1354 1264 1373 1349 η’
1395 1262 1482 1350 ἑτέρα

346 1381 426 1446 παις
449 1369 512 1438 δυο
535 1370 606 1456 siut,
630 1370 816 1436 Philonides
836 1376 868 1436 et
885 1370 1111 1436 Callistratus?
1145 1368 1279 1434 Videtur
1294 1368 1482 1434 scholiastes

345 1495 409 1542 non
431 1474 464 1542 id
488 1475 604 1559 egisse,
633 1483 668 1540 ut
691 1474 934 1541 Daetalensium
957 1473 1144 1558 magistrum
1166 1472 1361 1555 nominaret,
1391 1472 1482 1538 immo

345 1599 454 1648 eorum
468 1579 607 1664 nomina,
623 1599 702 1662 quos
718 1578 847 1644 fabulas
858 1577 1112 1662 Aristophaneas
1127 1577 1257 1661 saepius
1272 1576 1304 1642 iu
1321 1582 1482 1642 eertamen

346 1681 540 1748 commisisse
563 1681 697 1766 solebat,
722 1683 838 1748 afferre
861 1682 940 1748 satis
963 1682 1084 1748 hahuit.
1116 1681 1174 1748 Oui
1196 1681 1258 1746 hoe
1280 1701 1344 1746 non
1365 1681 1482 1765 placet,
1547 1691 1548 1694 ’

345 1793 509 1852 suouurrat
538 1785 615 1852 lieet
642 1785 852 1869 grammatico
883 1785 1025 1851 seribens
1053 1786 1072 1870 ί]
1099 1805 1157 1868 pro
1185 1788 1250 1858 καί,
1281 1783 1328 1850 ita
1357 1791 1393 1850 ut
1418 1784 1483 1868 ipse

344 1889 471 1958 nesoius
483 1889 515 1956 iu
527 1889 624 1956 dubio
636 1888 809 1973 reliquerit,
823 1895 893 1954 uter
906 1888 1120 1954 Daetalenses
1132 1886 1286 1954 doouerit.
1302 1886 1483 1969 Utoumque

344 2013 396 2058 res
419 2013 454 2058 se
477 1993 585 2076 habet,
616 1993 702 2059 nullo
729 1993 824 2058 modo
848 1992 1012 2076 contingit,
1041 1998 1076 2058 ut
1099 2013 1139 2058 ex
1161 1992 1211 2058 his
1233 1991 1341 2058 verbis
1364 1993 1485 2057 Daeta·
1548 2027 1549 2072 ρ

344 2096 479 2162 lensium
501 2095 656 2178 magister
678 2101 807 2162 ematur
822 2095 1016 2162 Philonides.

431 2199 524 2278 Quod
554 2199 595 2266 de
623 2199 686 2266 hoo
713 2198 834 2265 soholio
864 2198 1076 2284 exposuimus,
1107 2198 1193 2263 idem
1219 2199 1306 2264 valet
1329 2197 1363 2262 in
1387 2198 1483 2282 aliud,

345 2303 431 2387 quod
464 2302 581 2386 legitur
614 2303 659 2368 ad
686 2303 783 2387 Vesp.
812 2323 858 2368 vs.
890 2304 989 2368 1018:
1031 2301 1185 2366 ...διὰ
1217 2301 1405 2366 Φιλωνίδου
1433 2304 1483 2364 καὶ

344 2405 585 2492 Καλλιστράτου
608 2409 718 2470 καθίει
740 2407 813 2471 τινὰ
835 2411 899 2472 τῶν
922 2406 1105 2493 δραμάτων.
1140 2410 1273 2492 πρῶτον
1294 2405 1356 2492 γάρ
1376 2405 1486 2492 δρᾶμα
1549 2395 1550 2442 3

344 2510 389 2574 δι’
411 2508 530 2576 ἑαυτοῦ
551 2514 675 2596 καθῆκε
697 2511 774 2586 τούς
797 2511 942 2586 Ἱππέας.
987 2511 1094 2578 Etiam
1116 2511 1178 2576 hoo
1201 2512 1272 2578 loeo
1295 2510 1375 2576 nihil
1397 2512 1485 2578 vide-

343 2614 420 2680 lieet
442 2614 562 2682 studuit
584 2615 773 2682 scholiastes
795 2615 856 2680 nisi
879 2623 913 2682 ut
937 2637 1001 2700 eos,
1026 2636 1105 2700 quos
1126 2616 1243 2682 dooere
1259 2614 1485 2701 Aristophanis

335 2717 528 2784 oomoedias
550 2717 660 2784 solitos
681 2738 752 2784 esse
769 2719 948 2803 constabat,
972 2719 1150 2786 nominaret
1165 2726 1344 2804 temporum
1357 2719 1485 2785 ratione

344 2822 440 2906 plane
463 2822 624 2906 neglecta,
649 2841 748 2904 quare
764 2821 974 2906 Philonidem,
999 2822 1118 2908 quippe
1142 2823 1231 2888 euius
1246 2841 1362 2890 nomen
1377 2823 1485 2907 priore

344 2925 416 2990 loeo
440 2925 579 3010 positum
601 2925 652 3009 sit,
674 2926 890 2992 Dastalenses
914 2926 1107 2992 commisisse
1131 2948 1172 2994 ex
1194 2926 1256 2992 hoo
1278 2925 1402 2992 seholio
1424 2927 1488 2992 eol-

343 3027 445 3110 ligere
475 3048 539 3093 nou
561 3026 647 3094 lieet.
697 3029 747 3094 Ex
771 3029 891 3114 ordine,
924 3050 986 3112 quo
1009 3030 1138 3100 nomina
1161 3029 1282 3115 soripta
1304 3029 1377 3114 sint,
1406 3030 1486 3095 nihil

344 3130 385 3196 de
418 3136 562 3214 tempore
597 3130 800 3198 efficiendum
834 3151 905 3197 esse
935 3138 1027 3216 patet
1054 3154 1095 3200 ex
1125 3154 1174 3218 eo,
1209 3133 1295 3216 quod
1324 3133 1389 3198 alio
1412 3134 1486 3199 loeo

344 3232 519 3300 Calhstrati
547 3255 662 3300 nomeu
690 3233 796 3318 priore
819 3235 890 3300 loeo
913 3235 1051 3319 positum
1073 3236 1228 3322 videmus,
1258 3236 1385 3302 eumin
1408 3237 1488 3302 Vita

342 3336 439 3402 Arist.
467 3336 551 3402 haee
578 3338 738 3420 legamus:
777 3337 818 3402 τὰ
845 3338 903 3420 μίν
931 3345 1048 3423 πρώτα
1077 3339 1132 3402 διὰ
1159 3337 1402 3426 Καλλιστράτου
1432 3341 1487 3404 καὶ

347 3440 532 3506 Φιλωνίδου
555 3444 665 3504 καθίει
690 3439 849 3528 δράματα.

245 3551 247 3555 ’
430 3543 497 3611 Sed
531 3542 628 3610 etiam
658 3543 746 3611 aliud
776 3544 1001 3611 dooumeutum
1030 3545 1204 3630 proterunt,
1239 3546 1293 3628 qui
1322 3545 1488 3613 Philonidi

344 3645 466 3730 primae
490 3646 621 3712 tabulae
645 3649 786 3730 palmam
809 3647 890 3731 eripi
912 3669 975 3713 uon
997 3647 1112 3732 sinunt,
1137 3649 1308 3716 laudantes
1322 3650 1487 3734 Anonymi

344 3748 418 3834 περὶ
441 3771 519 3832 ιιωμ.
533 3750 592 3824 1ΠΙ
614 3749 697 3816 haee
713 3751 830 3816 verba:
855 3749 911 3826 τὰς
933 3751 992 3833 μὲν
1014 3752 1074 3840 γὰρ
1099 3751 1268 3826 πολιτικὰς
1291 3757 1347 3835 (se.
1365 3777 1486 3838 κωμῳ-

346 3849 432 3932 δίας)
470 3850 573 3935 τούτῳ
612 3855 670 3936 (se.
708 3853 947 3939 Καλλιστράτῳ)
986 3855 1087 3938 φασὶν
1123 3855 1224 3920 αὐτὸν
1261 3854 1405 3931 διδόναι,
1445 3859 1488 3920 τά

344 3953 464 4035 (malim
494 3955 563 4037 τὰς)
599 3954 635 4018 δὲ
668 3957 739 4018 κατ’
773 3955 959 4043 Εὐριπίδου
994 3957 1046 4019 καὶ
1083 3958 1275 4044 Σωκράτους
1309 3959 1486 4048 Φιλωνίδῃ.

342 4055 401 4122 His
428 4056 535 4124 verbis
564 4058 694 4142 probari
724 4058 967 4125 Daetalensium
994 4060 1139 4126 fabulam
1166 4061 1295 4128 dootam
1326 4081 1397 4128 esse
1425 4085 1487 4148 per

342 4160 559 4245 Philonidem,
595 4182 666 4228 oum
695 4163 867 4248 Babylonii
901 4168 933 4229 et
961 4163 1186 4230 Aehameuses
1220 4164 1282 4230 siut
1315 4165 1485 4232 πολιτικαὶ

342 4262 522 4346 κωμῳδίαι,
546 4264 761 4331 Daetalenses
784 4285 847 4330 uon
863 4265 912 4331 sit.
943 4266 1192 4351 Aristophanem
1208 4268 1392 4336 comoedias
1407 4290 1486 4337 suas

343 4364 561 4432 Callistratum
583 4367 666 4434 inter
688 4375 720 4434 et
735 4369 937 4434 Philonidom
961 4371 1105 4436 consulto
1127 4370 1174 4436 ita
1197 4370 1395 4439 distribuisse
1419 4395 1485 4440 non

342 4489 465 4554 vereor,
489 4490 529 4537 ne
553 4471 623 4555 quis
646 4471 773 4556 eredat,
798 4473 950 4540 exhibent
973 4473 1028 4540 illa
1051 4476 1152 4542 uerba
1174 4474 1242 4542 sine
1262 4475 1359 4542 dubio
1375 4477 1485 4561 legem
