3140 5266
810 391 1018 456 -16-.

348 576 385 640 δὲ
405 576 598 664 Εὐριπίδην,
622 579 657 652 δς
679 576 809 656 ἐδίδαξε
831 583 890 643 τοῦ
912 579 1038 663 πατρὸς
1056 578 1126 641 ἔνια
1143 576 1305 662 δράματα,
1329 575 1371 640 cf.
1389 575 1495 640 etiam

347 680 446 746 schol.
470 681 514 746 ad
536 681 589 748 Ar.
613 681 694 747 Ran.
716 703 762 748 vs.
779 685 831 766 67,
855 703 1050 766 quamquam
1072 681 1134 746 hoo
1156 682 1227 746 loco
1251 681 1292 746 de
1308 678 1495 762 tragoediis

348 790 440 868 patre
461 791 583 850 mortuo
599 805 619 850 a
634 785 699 850 lilio
716 785 819 852 doctis
835 784 957 868 agitur:
982 788 1064 850 οὕτω
1081 785 1142 870 γὰρ
1158 785 1211 847 καί
1226 779 1261 846 αλ
1278 783 1495 847 διδασκαλίαι

348 891 495 973 φέρουσι,
519 888 763 974 τελευτήσαντος
785 890 971 977 Εδριπίδου
994 889 1052 953 τὸν
1072 885 1143 952 υἱὸν
1158 889 1261 953 αδτοῢ
1276 886 1495 968 δεδιδαχέναι

348 990 521 1074 ὁμώνυμον
552 990 586 1056 ἐν
618 994 706 1055 ἄστει
738 994 926 1078 Ἰφιγένειαν
955 993 1012 1078 τὴν
1040 991 1075 1057 ἐν
1104 991 1239 1066 Αδλίδι,
1273 990 1491 1071 Ἀλκμαίωνα,

349 1095 497 1175 Βάκχας;
521 1116 595 1160 nam
617 1094 677 1160 has
700 1117 826 1180 quoque
850 1116 906 1162 suo
929 1095 1055 1162 nomine
1078 1095 1176 1161 filiurn
1199 1093 1397 1161 commisisse
1412 1092 1494 1158 mihi

351 1199 478 1280 quidem
504 1219 692 1283 persuasum
719 1206 777 1266 est.
822 1201 937 1284 Itaque
959 1199 992 1264 hi
1016 1219 1125 1264 omnes
1147 1198 1275 1264 fabulas
1299 1198 1493 1280 docuerunt,

351 1302 442 1384 quasi
470 1323 548 1368 suae
576 1310 691 1387 essent,
720 1309 752 1369 ct
781 1325 801 1370 a
829 1304 947 1388 populo
975 1310 1123 1369 auctores
1146 1323 1256 1368 earum
1277 1300 1383 1367 habiti
1406 1307 1493 1365 sunt.

350 1405 405 1471 Sic
438 1425 488 1470 res
522 1405 590 1471 sine
621 1405 717 1472 dubio
746 1406 843 1472 ctiam
873 1406 904 1470 in
935 1406 1007 1472 aliis
1034 1427 1069 1471 se
1100 1405 1213 1471 habuit
1240 1425 1346 1488 oeque
1370 1403 1494 1469 nonin

351 1510 533 1576 Callistrato
557 1516 589 1576 et
611 1509 789 1594 Philonide,
820 1510 1009 1595 praesertim
1032 1531 1103 1575 oum
1125 1510 1237 1575 horum
1259 1515 1395 1592 uterque
1419 1508 1493 1592 ipse

349 1620 447 1699 pocta
471 1619 556 1680 esset
579 1618 611 1678 et
633 1613 779 1698 proprias
803 1633 929 1696 quoque
954 1613 1138 1679 comoedias
1161 1613 1334 1693 doceret1).

435 1717 479 1782 At
510 1716 727 1800 imprudenter
749 1716 982 1801 Aristophanes
1011 1717 1138 1782 videtur
1164 1716 1291 1800 fecisse,
1327 1737 1401 1780 cum
1432 1735 1492 1800 pro

350 1821 484 1888 aliorum
517 1819 620 1903 gloria
647 1840 777 1903 operam
810 1820 975 1905 perderet,
1010 1841 1114 1903 neque
1143 1820 1314 1886 defuerunt
1342 1819 1492 1902 Athenis,

350 1924 403 2007 qui
426 1924 510 1989 hano
533 1924 573 1988 ob
597 1943 664 1988 rem
686 1923 718 1987 in
742 1924 916 1990 comoediis
939 1945 1019 2007 eum
1032 1924 1234 1990 ludificarent
1258 1929 1290 1989 et
1305 1922 1492 1989 irriderent.

264 2010 267 2020 ¹
350 2027 503 2110 Legimus
531 2026 615 2092 enim
642 2026 725 2091 haec
752 2027 784 2092 in
807 2027 883 2093 Vita
904 2027 1018 2093 Arist:
1054 2028 1190 2112 εὐλαβὴς
1217 2027 1254 2090 δὲ
1277 2026 1411 2111 σφόδρα
1434 2051 1493 2106 γε-

350 2131 485 2213 νόμενος
514 2129 571 2215 τὴν
600 2130 701 2217 άρχὴν
729 2129 834 2205 άλλως
864 2154 896 2194 τε
925 2133 978 2194 καὶ
1008 2132 1129 2216 εὐφυὴς
1151 2133 1192 2195 τά
1213 2131 1272 2214 μὲν
1293 2135 1412 2217 πρῶτα
1436 2131 1496 2194 διὰ

350 2233 592 2319 Καλλιστράτου
608 2234 661 2296 καὶ
682 2233 866 2298 Φιλωνίδου
882 2238 991 2298 καθίει
1005 2234 1165 2320 δράματα.
1191 2234 1307 2297 διὸκαὶ
1321 2237 1495 2298 ἔσκωπτον

350 2339 450 2403 αδτὸν
471 2337 696 2423 Ἀριστώνυμός
718 2362 751 2401 τε
773 2339 826 2400 καί
845 2339 1029 2422 Ἀμειψίας,
1053 2338 1181 2424 τετράδι
1204 2337 1349 2418 λέγοντες
1375 2339 1495 2422 (αὐτὸν

352 2439 503 2507 Gelenius
526 2440 616 2524 add.)
640 2444 817 2519 γεγονέναι,
841 2441 923 2504 κατὰ
945 2442 1002 2526 τὴν
1025 2445 1218 2528 παροιμίαν,
1246 2441 1304 2526 (ὠς
1325 2441 1369 2508 id.
1395 2441 1490 2522 add.)

352 2544 462 2618 ἄλλοις
488 2548 673 2626 πονοῦντας
704 2550 736 2609 et
765 2543 880 2610 similia
910 2545 998 2630 apud
1026 2545 1124 2612 schol.
1149 2545 1257 2612 Clark.
1287 2546 1369 2610 Plat.
1395 2546 1492 2629 Apol.

351 2670 428 2734 pag.
445 2651 485 2715 19
501 2650 543 2715 C:
577 2647 816 2733 ’Λρισταίνυμος
839 2649 868 2712 δ’
892 2649 927 2713 ἓν
948 2649 1045 2736 Ἡλίῳ
1069 2649 1212 2735 ῥιγοῦντι
1232 2650 1286 2712 καὶ
1300 2652 1493 2734 Σαννυρίων

351 2753 386 2818 ἐν
401 2752 518 2815 Γέλωτι
541 2752 668 2838 τετράδι
692 2753 793 2836 φασὶν
815 2753 915 2816 αὐτὸν
938 2756 1103 2830 γενέσθαι,
1129 2752 1212 2815 διότι
1235 2752 1292 2816 τὸν
1312 2755 1388 2834 βίον
1409 2776 1491 2815 κατ-

350 2859 478 2941 έτριψεν
504 2855 622 2942 ἑτέροις
645 2861 773 2920 πονῶν·
803 2853 833 2919 oi
856 2858 917 2942 γὰρ
940 2856 1068 2942 τετράδι
1091 2857 1284 2939 γεννώμενοι
1309 2860 1493 2930 πονοῦντες

352 2960 462 3034 ἄλλοις
484 2963 696 3045 καρποῦσθαι
718 2963 928 3045 παρέχουσιν,
952 2959 995 3033 ιδς
1010 2961 1062 3022 καὶ
1083 2958 1261 3045 Φιλόχορος
1275 2959 1310 3023 ἐν
1324 2963 1362 3047 τῇ
1377 2960 1493 3046 πρώτῃ

352 3065 426 3148 περὶ
450 3063 573 3148 ἡμερῶν
595 3059 721 3148 ἱστορεῖ.
759 3062 858 3148 ταύτῃ
882 3062 917 3125 δὲ
939 3065 992 3125 καὶ
1014 3061 1155 3148 Ἡρακλῆ
1178 3063 1258 3144 φασὶ
1281 3066 1491 3148 γεννηθῆναι.

352 3169 488 3250 Aoerbc,
522 3168 670 3250 Hercule,
706 3165 792 3248 qnod
826 3172 880 3231 tuo
907 3187 993 3231 more
1021 3188 1079 3251 pro
1108 3166 1179 3231 aliis
1206 3167 1334 3232 labores
1357 3166 1491 3250 subiret,

352 3271 502 3356 princeps
525 3271 716 3336 comicorum
739 3271 781 3335 ab
803 3270 852 3335 his
875 3270 997 3354 pusillis
1018 3270 1199 3337 hominibus
1221 3270 1410 3356 perstrictus
1431 3280 1490 3336 est.

352 3374 435 3451 Quin
458 3374 555 3439 etiam
577 3393 712 3456 magnus
735 3373 828 3438 Plato
852 3373 1006 3440 similibus
1029 3374 1286 3440 cavillationibus
1308 3374 1340 3438 in
1364 3395 1492 3441 comoe-

353 3478 414 3543 diis
446 3478 511 3543 suis
538 3484 669 3563 poetam
699 3478 858 3544 aemulum
888 3478 1072 3560 exagitasse
1102 3478 1271 3560 videtur2).
1322 3478 1390 3544 Sed
1413 3479 1492 3562 quid

352 3581 483 3646 tandem
505 3581 587 3646 tales
611 3579 745 3646 iniuriae
769 3580 953 3664 valuissent,
978 3580 1004 3644 si
1026 3579 1102 3645 inde
1125 3601 1146 3644 a
1161 3580 1284 3664 primae
1300 3582 1492 3647 comoediae

352 3689 495 3766 tempore
518 3683 766 3767 Aristophanem
781 3684 1004 3766 Dactalenses,
1028 3683 1235 3768 Babylonios,
1259 3684 1339 3750 alias
1360 3685 1491 3750 fabulas

352 3785 516 3869 scripsisse
540 3785 605 3850 iam
627 3806 719 3850 nemo
742 3783 954 3850 nescivisset?
999 3784 1100 3862 Quem
1123 3786 1283 3852 adfinem
1304 3792 1371 3850 tam
1394 3787 1491 3853 vehe-

352 3897 475 3954 menter
502 3888 547 3953 illi
569 3889 601 3952 in
624 3895 754 3974 poetam
780 3888 898 3954 invecti
930 3892 1060 3955 essent?
1106 3890 1183 3968 Quis
1206 3889 1285 3955 talia
1306 3889 1489 3974 intelligere
1555 3887 1556 3898 ’

352 3993 478 4076 potuit?
522 3994 635 4060 Nonne
669 3992 843 4059 timendum
877 4000 960 4077 erat,
994 4013 1034 4060 ne
1068 3993 1131 4078 ipsi
1163 3992 1381 4079 irriderentur,
1418 4014 1489 4060 oum

426 4163 444 4232 ¹)
467 4165 512 4218 De
536 4164 642 4218 fabulis
666 4165 760 4220 alieno
785 4167 899 4220 nomine
925 4167 1081 4222 commissis
1099 4167 1166 4223 vide
1185 4166 1299 4221 omnino
1317 4165 1488 4238 Wolfgaugi

352 4249 460 4320 Helbig
479 4250 595 4314 Quaest.
614 4267 707 4304 scaen.
728 4253 793 4306 diss.
812 4252 912 4322 philol.
942 4252 1061 4307 Bonnae
1083 4252 1156 4308 1861.

423 4335 444 4404 2)
469 4337 504 4390 cf.
530 4335 610 4391 Suid.
633 4354 654 4390 s.
674 4356 700 4393 v.
722 4335 853 4408 Ἀρκάδας
875 4340 1044 4408 μιμούμενοι
1064 4339 1127 4394 coll.
1148 4338 1247 4394 Cobet.
1277 4339 1358 4394 Obss.
1378 4341 1488 4395 onitin

352 4421 429 4477 Plat.
457 4441 527 4477 corn.
555 4423 616 4478 rell.
644 4443 671 4494 p.
693 4425 741 4479 104
764 4444 825 4496 sqq.
849 4434 879 4480 et
902 4425 937 4479 Η.
956 4425 1068 4481 Liibke.
1102 4426 1182 4481 Obss.
1208 4426 1270 4481 crit.
1293 4427 1323 4480 in
1345 4426 1412 4482 hist.
1431 4437 1487 4485 vet.

354 4509 457 4565 Graec.
476 4529 546 4565 com.
566 4512 631 4565 diss.
651 4511 745 4581 inaug.
775 4513 869 4567 Berol.
891 4513 964 4568 1883.
992 4532 1020 4583 p.
1039 4513 1150 4569 51-53.
