<?xml version="1.0" encoding="UTF-8"?>
<!DOCTYPE html PUBLIC "-//W3C//DTD XHTML 1.0 Transitional//EN"
    "http://www.w3.org/TR/xhtml1/DTD/xhtml1-transitional.dtd">
<html xmlns="http://www.w3.org/1999/xhtml" xml:lang="en" lang="en">
 <head>
  <title>
</title>
<meta http-equiv="Content-Type" content="text/html;charset=utf-8" />
  <meta name='ocr-system' content='tesseract 3.04.00' />
  <meta name='ocr-capabilities' content='ocr_page ocr_carea ocr_par ocr_line ocrx_word'/>
</head>
<body>
  <div class='ocr_page' id='page_1' title='image "./decallistratoet00briegoog_0049.png"; bbox 0 0 3140 5266; ppageno 0'>
   <div class='ocr_carea' id='block_1_1' title="bbox 789 343 1001 409">
    <p class='ocr_par' dir='ltr' id='par_1_1' title="bbox 789 343 1001 409">
     <span class='ocr_line' id='line_1_1' title="bbox 789 343 1001 409; baseline 0 -15"><span class='ocrx_word' id='word_1_1' title='bbox 789 343 1001 409; x_wconf 68' lang='grc'>..38-</span> 
     </span>
    </p>
   </div>
   <div class='ocr_carea' id='block_1_2' title="bbox 327 532 1478 4570">
    <p class='ocr_par' dir='ltr' id='par_1_2' title="bbox 330 532 1477 2285">
     <span class='ocr_line' id='line_1_2' title="bbox 330 532 1477 619; baseline -0.005 -15"><span class='ocrx_word' id='word_1_2' title='bbox 330 538 463 606; x_wconf 86' lang='lat' dir='ltr'><strong>Mttllero</strong></span> <span class='ocrx_word' id='word_1_3' title='bbox 498 533 720 618; x_wconf 83' lang='lat' dir='ltr'><strong>Strttbingensi</strong></span> <span class='ocrx_word' id='word_1_4' title='bbox 754 533 928 600; x_wconf 89' lang='lat' dir='ltr'><strong>consentio.</strong></span> <span class='ocrx_word' id='word_1_5' title='bbox 983 533 1068 602; x_wconf 91' lang='lat' dir='ltr'><strong>Nam</strong></span> <span class='ocrx_word' id='word_1_6' title='bbox 1098 534 1124 600; x_wconf 93' lang='lat' dir='ltr'><strong>si</strong></span> <span class='ocrx_word' id='word_1_7' title='bbox 1154 555 1204 619; x_wconf 89' lang='lat' dir='ltr'><strong>ea,</strong></span> <span class='ocrx_word' id='word_1_8' title='bbox 1233 553 1316 618; x_wconf 91' lang='lat' dir='ltr'><strong>quae</strong></span> <span class='ocrx_word' id='word_1_9' title='bbox 1340 532 1477 598; x_wconf 90' lang='lat' dir='ltr'><strong>dehac</strong></span> 
     </span>
     <span class='ocr_line' id='line_1_3' title="bbox 331 638 1475 725; baseline -0.006 -15"><span class='ocrx_word' id='word_1_10' title='bbox 331 661 447 710; x_wconf 89' lang='lat' dir='ltr'><strong>caussa</strong></span> <span class='ocrx_word' id='word_1_11' title='bbox 465 640 594 725; x_wconf 89' lang='lat' dir='ltr'><strong>prodita</strong></span> <span class='ocrx_word' id='word_1_12' title='bbox 609 643 691 722; x_wconf 89' lang='lat' dir='ltr'><strong>sunt,</strong></span> <span class='ocrx_word' id='word_1_13' title='bbox 715 638 821 706; x_wconf 89' lang='lat' dir='ltr'><strong>omnia</strong></span> <span class='ocrx_word' id='word_1_14' title='bbox 836 659 960 704; x_wconf 91' lang='lat' dir='ltr'><strong>mecum</strong></span> <span class='ocrx_word' id='word_1_15' title='bbox 975 645 1099 723; x_wconf 86' lang='lat' dir='ltr'><strong>reputo,</strong></span> <span class='ocrx_word' id='word_1_16' title='bbox 1123 638 1233 706; x_wconf 84' lang='lat' dir='ltr'><strong>facere</strong></span> <span class='ocrx_word' id='word_1_17' title='bbox 1248 659 1312 704; x_wconf 93' lang='lat' dir='ltr'><strong>non</strong></span> <span class='ocrx_word' id='word_1_18' title='bbox 1326 657 1475 722; x_wconf 90' lang='lat' dir='ltr'><strong>possum,</strong></span> 
     </span>
     <span class='ocr_line' id='line_1_4' title="bbox 331 741 1476 830; baseline -0.006 -18"><span class='ocrx_word' id='word_1_19' title='bbox 331 746 407 830; x_wconf 94' lang='lat' dir='ltr'><strong>quin</strong></span> <span class='ocrx_word' id='word_1_20' title='bbox 443 744 476 809; x_wconf 93' lang='lat' dir='ltr'><strong>in</strong></span> <span class='ocrx_word' id='word_1_21' title='bbox 513 744 598 809; x_wconf 89' lang='lat' dir='ltr'><strong>hanc</strong></span> <span class='ocrx_word' id='word_1_22' title='bbox 634 742 827 810; x_wconf 81' lang='lat' dir='ltr'><strong>sententiam</strong></span> <span class='ocrx_word' id='word_1_23' title='bbox 862 741 1037 808; x_wconf 74' lang='lat' dir='ltr'><strong>discedam.</strong></span> <span class='ocrx_word' id='word_1_24' title='bbox 1099 743 1217 808; x_wconf 91' lang='lat' dir='ltr'><strong>Verum</strong></span> <span class='ocrx_word' id='word_1_25' title='bbox 1251 741 1381 825; x_wconf 87' lang='lat' dir='ltr'><strong>quidem</strong></span> <span class='ocrx_word' id='word_1_26' title='bbox 1419 745 1476 806; x_wconf 89' lang='lat' dir='ltr'><strong>est</strong></span> 
     </span>
     <span class='ocr_line' id='line_1_5' title="bbox 330 844 1476 935; baseline -0.004 -20"><span class='ocrx_word' id='word_1_27' title='bbox 330 847 518 935; x_wconf 88' lang='lat' dir='ltr'><strong>saepissime</strong></span> <span class='ocrx_word' id='word_1_28' title='bbox 551 846 685 912; x_wconf 82' lang='lat' dir='ltr'><strong>Athenis</strong></span> <span class='ocrx_word' id='word_1_29' title='bbox 718 847 801 912; x_wconf 89' lang='lat' dir='ltr'><strong>tales</strong></span> <span class='ocrx_word' id='word_1_30' title='bbox 835 844 1058 912; x_wconf 75' lang='lat' dir='ltr'><strong>accusationes</strong></span> <span class='ocrx_word' id='word_1_31' title='bbox 1092 867 1113 912; x_wconf 88' lang='lat' dir='ltr'><strong>a</strong></span> <span class='ocrx_word' id='word_1_32' title='bbox 1146 844 1368 930; x_wconf 82' lang='lat' dir='ltr'><strong>sycophantia,</strong></span> <span class='ocrx_word' id='word_1_33' title='bbox 1403 864 1476 928; x_wconf 88' lang='lat' dir='ltr'><strong>qua</strong></span> 
     </span>
     <span class='ocr_line' id='line_1_6' title="bbox 332 947 1475 1031; baseline -0.007 -11"><span class='ocrx_word' id='word_1_34' title='bbox 332 957 424 1020; x_wconf 89' lang='lat' dir='ltr'><strong>erant</strong></span> <span class='ocrx_word' id='word_1_35' title='bbox 450 950 589 1017; x_wconf 90' lang='lat' dir='ltr'><strong>audacia</strong></span> <span class='ocrx_word' id='word_1_36' title='bbox 620 955 654 1016; x_wconf 92' lang='lat' dir='ltr'><strong>et</strong></span> <span class='ocrx_word' id='word_1_37' title='bbox 682 949 860 1016; x_wconf 90' lang='lat' dir='ltr'><strong>calliditate</strong></span> <span class='ocrx_word' id='word_1_38' title='bbox 891 947 998 1031; x_wconf 89' lang='lat' dir='ltr'><strong>animi,</strong></span> <span class='ocrx_word' id='word_1_39' title='bbox 1027 948 1169 1014; x_wconf 90' lang='lat' dir='ltr'><strong>intentas</strong></span> <span class='ocrx_word' id='word_1_40' title='bbox 1192 967 1280 1016; x_wconf 89' lang='lat' dir='ltr'><strong>esse:</strong></span> <span class='ocrx_word' id='word_1_41' title='bbox 1316 948 1475 1015; x_wconf 78' lang='lat' dir='ltr'><strong>Cleonem</strong></span> 
     </span>
     <span class='ocr_line' id='line_1_7' title="bbox 331 1052 1474 1138; baseline -0.003 -16"><span class='ocrx_word' id='word_1_42' title='bbox 331 1076 408 1123; x_wconf 89' lang='lat' dir='ltr'><strong>vero</strong></span> <span class='ocrx_word' id='word_1_43' title='bbox 436 1056 479 1122; x_wconf 89' lang='lat' dir='ltr'><strong>ad</strong></span> <span class='ocrx_word' id='word_1_44' title='bbox 506 1059 631 1121; x_wconf 92' lang='lat' dir='ltr'><strong>tantam</strong></span> <span class='ocrx_word' id='word_1_45' title='bbox 652 1053 837 1120; x_wconf 72' lang='lat' dir='ltr'><strong>vecordiam</strong></span> <span class='ocrx_word' id='word_1_46' title='bbox 860 1072 1064 1138; x_wconf 87' lang='lat' dir='ltr'><strong>progressum</strong></span> <span class='ocrx_word' id='word_1_47' title='bbox 1087 1072 1168 1136; x_wconf 90' lang='lat' dir='ltr'><strong>esse,</strong></span> <span class='ocrx_word' id='word_1_48' title='bbox 1192 1058 1227 1118; x_wconf 90' lang='lat' dir='ltr'><strong>ut</strong></span> <span class='ocrx_word' id='word_1_49' title='bbox 1248 1052 1474 1138; x_wconf 82' lang='lat' dir='ltr'><strong>sycophantas</strong></span> 
     </span>
     <span class='ocr_line' id='line_1_8' title="bbox 333 1156 1472 1244; baseline -0.005 -18"><span class='ocrx_word' id='word_1_50' title='bbox 333 1167 445 1227; x_wconf 90' lang='lat' dir='ltr'><strong>contra</strong></span> <span class='ocrx_word' id='word_1_51' title='bbox 464 1157 712 1244; x_wconf 88' lang='lat' dir='ltr'><strong>Aristophanem</strong></span> <span class='ocrx_word' id='word_1_52' title='bbox 734 1158 909 1224; x_wconf 86' lang='lat' dir='ltr'><strong>subornare</strong></span> <span class='ocrx_word' id='word_1_53' title='bbox 924 1157 1068 1240; x_wconf 87' lang='lat' dir='ltr'><strong>auderet,</strong></span> <span class='ocrx_word' id='word_1_54' title='bbox 1078 1218 1080 1222; x_wconf 86' lang='grc'><em>,</em></span> <span class='ocrx_word' id='word_1_55' title='bbox 1092 1158 1189 1242; x_wconf 88' lang='lat' dir='ltr'><strong>plane</strong></span> <span class='ocrx_word' id='word_1_56' title='bbox 1203 1156 1394 1224; x_wconf 84' lang='lat' dir='ltr'><strong>incredibile</strong></span> <span class='ocrx_word' id='word_1_57' title='bbox 1410 1162 1472 1222; x_wconf 89' lang='lat' dir='ltr'><strong>est.</strong></span> 
     </span>
     <span class='ocr_line' id='line_1_9' title="bbox 331 1261 1473 1348; baseline -0.005 -16"><span class='ocrx_word' id='word_1_58' title='bbox 331 1264 419 1333; x_wconf 90' lang='lat' dir='ltr'><strong>Nihil</strong></span> <span class='ocrx_word' id='word_1_59' title='bbox 452 1284 486 1330; x_wconf 90' lang='lat' dir='ltr'><strong>se</strong></span> <span class='ocrx_word' id='word_1_60' title='bbox 520 1262 674 1348; x_wconf 87' lang='lat' dir='ltr'><strong>perficere</strong></span> <span class='ocrx_word' id='word_1_61' title='bbox 708 1281 803 1347; x_wconf 90' lang='lat' dir='ltr'><strong>posse</strong></span> <span class='ocrx_word' id='word_1_62' title='bbox 830 1267 942 1328; x_wconf 88' lang='lat' dir='ltr'><strong>contra</strong></span> <span class='ocrx_word' id='word_1_63' title='bbox 973 1261 1165 1327; x_wconf 90' lang='lat' dir='ltr'><strong>comicorum</strong></span> <span class='ocrx_word' id='word_1_64' title='bbox 1195 1261 1384 1328; x_wconf 85' lang='lat' dir='ltr'><strong>effrenatam</strong></span> <span class='ocrx_word' id='word_1_65' title='bbox 1414 1281 1473 1344; x_wconf 90' lang='lat' dir='ltr'><strong>pe-</strong></span> 
     </span>
     <span class='ocr_line' id='line_1_10' title="bbox 332 1363 1474 1448; baseline -0.005 -13"><span class='ocrx_word' id='word_1_66' title='bbox 332 1367 502 1435; x_wconf 89' lang='lat' dir='ltr'><strong>tulantiam</strong></span> <span class='ocrx_word' id='word_1_67' title='bbox 529 1383 645 1432; x_wconf 83' lang='lat' dir='ltr'><strong>caussa</strong></span> <span class='ocrx_word' id='word_1_68' title='bbox 674 1364 849 1432; x_wconf 78' lang='lat' dir='ltr'><strong>Callistrati</strong></span> <span class='ocrx_word' id='word_1_69' title='bbox 877 1365 1011 1432; x_wconf 87' lang='lat' dir='ltr'><strong>edoctus</strong></span> <span class='ocrx_word' id='word_1_70' title='bbox 1041 1371 1120 1448; x_wconf 91' lang='lat' dir='ltr'><strong>erat,</strong></span> <span class='ocrx_word' id='word_1_71' title='bbox 1136 1371 1248 1448; x_wconf 82' lang='lat' dir='ltr'><strong>¹atque</strong></span> <span class='ocrx_word' id='word_1_72' title='bbox 1277 1383 1349 1430; x_wconf 90' lang='lat' dir='ltr'><strong>cum</strong></span> <span class='ocrx_word' id='word_1_73' title='bbox 1375 1363 1474 1430; x_wconf 90' lang='lat' dir='ltr'><strong>nullis</strong></span> 
     </span>
     <span class='ocr_line' id='line_1_11' title="bbox 332 1468 1473 1556; baseline -0.005 -17"><span class='ocrx_word' id='word_1_74' title='bbox 332 1472 460 1556; x_wconf 88' lang='lat' dir='ltr'><strong>legibus</strong></span> <span class='ocrx_word' id='word_1_75' title='bbox 475 1476 551 1537; x_wconf 91' lang='lat' dir='ltr'><strong>tunc</strong></span> <span class='ocrx_word' id='word_1_76' title='bbox 565 1469 718 1555; x_wconf 89' lang='lat' dir='ltr'><strong>temporis</strong></span> <span class='ocrx_word' id='word_1_77' title='bbox 734 1469 921 1536; x_wconf 90' lang='lat' dir='ltr'><strong>comoediae</strong></span> <span class='ocrx_word' id='word_1_78' title='bbox 937 1469 1070 1536; x_wconf 90' lang='lat' dir='ltr'><strong>libertas</strong></span> <span class='ocrx_word' id='word_1_79' title='bbox 1086 1468 1228 1537; x_wconf 89' lang='lat' dir='ltr'><strong>coercita</strong></span> <span class='ocrx_word' id='word_1_80' title='bbox 1243 1475 1338 1552; x_wconf 89' lang='lat' dir='ltr'><strong>esset,</strong></span> <span class='ocrx_word' id='word_1_81' title='bbox 1362 1468 1473 1534; x_wconf 89' lang='lat' dir='ltr'><strong>omnia</strong></span> 
     </span>
     <span class='ocr_line' id='line_1_12' title="bbox 333 1572 1473 1651; baseline -0.004 -8"><span class='ocrx_word' id='word_1_82' title='bbox 333 1576 504 1644; x_wconf 89' lang='lat' dir='ltr'><strong>admittere</strong></span> <span class='ocrx_word' id='word_1_83' title='bbox 540 1580 672 1640; x_wconf 91' lang='lat' dir='ltr'><strong>coactus</strong></span> <span class='ocrx_word' id='word_1_84' title='bbox 706 1578 784 1640; x_wconf 86' lang='lat' dir='ltr'><strong>erat.</strong></span> <span class='ocrx_word' id='word_1_85' title='bbox 828 1573 934 1651; x_wconf 78' lang='lat' dir='ltr'><strong>Quid?</strong></span> <span class='ocrx_word' id='word_1_86' title='bbox 980 1573 1059 1639; x_wconf 78' lang='lat' dir='ltr'><strong>(lum</strong></span> <span class='ocrx_word' id='word_1_87' title='bbox 1087 1573 1242 1640; x_wconf 90' lang='lat' dir='ltr'><strong>comicum</strong></span> <span class='ocrx_word' id='word_1_88' title='bbox 1268 1572 1379 1640; x_wconf 92' lang='lat' dir='ltr'><strong>ulcisci</strong></span> <span class='ocrx_word' id='word_1_89' title='bbox 1406 1593 1473 1639; x_wconf 89' lang='lat' dir='ltr'><strong>non</strong></span> 
     </span>
     <span class='ocr_line' id='line_1_13' title="bbox 333 1675 1472 1765; baseline -0.004 -19"><span class='ocrx_word' id='word_1_90' title='bbox 333 1685 452 1765; x_wconf 90' lang='lat' dir='ltr'><strong>posset,</strong></span> <span class='ocrx_word' id='word_1_91' title='bbox 484 1679 588 1745; x_wconf 90' lang='lat' dir='ltr'><strong>civem</strong></span> <span class='ocrx_word' id='word_1_92' title='bbox 611 1697 784 1762; x_wconf 86' lang='lat' dir='ltr'><strong>aggressus</strong></span> <span class='ocrx_word' id='word_1_93' title='bbox 808 1678 878 1743; x_wconf 81' lang='lat' dir='ltr'><strong>est?</strong></span> <span class='ocrx_word' id='word_1_94' title='bbox 914 1676 982 1743; x_wconf 84' lang='lat' dir='ltr'><strong>Sed</strong></span> <span class='ocrx_word' id='word_1_95' title='bbox 1004 1677 1156 1744; x_wconf 80' lang='lat' dir='ltr'><strong>Cleonem</strong></span> <span class='ocrx_word' id='word_1_96' title='bbox 1179 1695 1299 1760; x_wconf 90' lang='lat' dir='ltr'><strong>quaeso</strong></span> <span class='ocrx_word' id='word_1_97' title='bbox 1322 1675 1370 1742; x_wconf 90' lang='lat' dir='ltr'><strong>ita</strong></span> <span class='ocrx_word' id='word_1_98' title='bbox 1393 1675 1472 1742; x_wconf 90' lang='lat' dir='ltr'><strong>deli-</strong></span> 
     </span>
     <span class='ocr_line' id='line_1_14' title="bbox 332 1779 1473 1868; baseline -0.005 -18"><span class='ocrx_word' id='word_1_99' title='bbox 332 1804 421 1850; x_wconf 89' lang='lat' dir='ltr'><strong>rasse</strong></span> <span class='ocrx_word' id='word_1_100' title='bbox 437 1782 629 1868; x_wconf 81' lang='lat' dir='ltr'><strong>putabimus,</strong></span> <span class='ocrx_word' id='word_1_101' title='bbox 654 1787 688 1846; x_wconf 90' lang='lat' dir='ltr'><strong>ut</strong></span> <span class='ocrx_word' id='word_1_102' title='bbox 701 1781 958 1867; x_wconf 86' lang='lat' dir='ltr'><strong>Aristophanem,</strong></span> <span class='ocrx_word' id='word_1_103' title='bbox 975 1780 1087 1864; x_wconf 91' lang='lat' dir='ltr'><strong>populi</strong></span> <span class='ocrx_word' id='word_1_104' title='bbox 1101 1780 1245 1863; x_wconf 90' lang='lat' dir='ltr'><strong>delicias,</strong></span> <span class='ocrx_word' id='word_1_105' title='bbox 1261 1779 1473 1846; x_wconf 87' lang='lat' dir='ltr'><strong>accusatione</strong></span> 
     </span>
     <span class='ocr_line' id='line_1_15' title="bbox 333 1883 1473 1974; baseline -0.005 -19"><span class='ocrx_word' id='word_1_106' title='bbox 333 1893 469 1974; x_wconf 90' lang='lat' dir='ltr'><strong>peteret,</strong></span> <span class='ocrx_word' id='word_1_107' title='bbox 493 1905 576 1970; x_wconf 90' lang='lat' dir='ltr'><strong>quae</strong></span> <span class='ocrx_word' id='word_1_108' title='bbox 600 1906 697 1968; x_wconf 91' lang='lat' dir='ltr'><strong>quam</strong></span> <span class='ocrx_word' id='word_1_109' title='bbox 719 1906 814 1969; x_wconf 89' lang='lat' dir='ltr'><strong>vana,</strong></span> <span class='ocrx_word' id='word_1_110' title='bbox 839 1905 935 1968; x_wconf 92' lang='lat' dir='ltr'><strong>quam</strong></span> <span class='ocrx_word' id='word_1_111' title='bbox 956 1885 1045 1950; x_wconf 89' lang='lat' dir='ltr'><strong>nulla</strong></span> <span class='ocrx_word' id='word_1_112' title='bbox 1067 1889 1163 1969; x_wconf 90' lang='lat' dir='ltr'><strong>esset,</strong></span> <span class='ocrx_word' id='word_1_113' title='bbox 1187 1905 1227 1950; x_wconf 89' lang='lat' dir='ltr'><strong>ne</strong></span> <span class='ocrx_word' id='word_1_114' title='bbox 1250 1883 1320 1968; x_wconf 90' lang='lat' dir='ltr'><strong>ipse</strong></span> <span class='ocrx_word' id='word_1_115' title='bbox 1341 1883 1473 1968; x_wconf 89' lang='lat' dir='ltr'><strong>quidem</strong></span> 
     </span>
     <span class='ocr_line' id='line_1_16' title="bbox 333 1987 1472 2076; baseline -0.004 -18"><span class='ocrx_word' id='word_1_116' title='bbox 333 1992 528 2076; x_wconf 81' lang='lat' dir='ltr'><strong>ignorabat?</strong></span> <span class='ocrx_word' id='word_1_117' title='bbox 573 1989 708 2056; x_wconf 87' lang='lat' dir='ltr'><strong>Omnem</strong></span> <span class='ocrx_word' id='word_1_118' title='bbox 734 1988 959 2056; x_wconf 90' lang='lat' dir='ltr'><strong>auctoritatem</strong></span> <span class='ocrx_word' id='word_1_119' title='bbox 981 1987 1164 2072; x_wconf 90' lang='lat' dir='ltr'><strong>abiecisset,</strong></span> <span class='ocrx_word' id='word_1_120' title='bbox 1188 2007 1309 2054; x_wconf 90' lang='lat' dir='ltr'><strong>summo</strong></span> <span class='ocrx_word' id='word_1_121' title='bbox 1331 1987 1472 2054; x_wconf 89' lang='lat' dir='ltr'><strong>ludibrio</strong></span> 
     </span>
     <span class='ocr_line' id='line_1_17' title="bbox 334 2091 1473 2176; baseline -0.002 -14"><span class='ocrx_word' id='word_1_122' title='bbox 334 2097 376 2162; x_wconf 91' lang='lat' dir='ltr'><strong>ab</strong></span> <span class='ocrx_word' id='word_1_123' title='bbox 413 2092 662 2162; x_wconf 85' lang='lat' dir='ltr'><strong>Atheniensibus</strong></span> <span class='ocrx_word' id='word_1_124' title='bbox 697 2092 827 2158; x_wconf 90' lang='lat' dir='ltr'><strong>habitus</strong></span> <span class='ocrx_word' id='word_1_125' title='bbox 864 2098 963 2176; x_wconf 89' lang='lat' dir='ltr'><strong>esset,</strong></span> <span class='ocrx_word' id='word_1_126' title='bbox 1005 2091 1060 2174; x_wconf 91' lang='lat' dir='ltr'><strong>qui</strong></span> <span class='ocrx_word' id='word_1_127' title='bbox 1095 2091 1246 2174; x_wconf 87' lang='lat' dir='ltr'><strong>Equitum</strong></span> <span class='ocrx_word' id='word_1_128' title='bbox 1282 2091 1473 2160; x_wconf 85' lang='lat' dir='ltr'><strong>comoediae</strong></span> 
     </span>
     <span class='ocr_line' id='line_1_18' title="bbox 335 2195 1213 2285; baseline -0.005 -20"><span class='ocrx_word' id='word_1_129' title='bbox 335 2200 522 2285; x_wconf 88' lang='lat' dir='ltr'><strong>plauserant</strong></span> <span class='ocrx_word' id='word_1_130' title='bbox 543 2202 737 2281; x_wconf 88' lang='lat' dir='ltr'><strong>poetamque</strong></span> <span class='ocrx_word' id='word_1_131' title='bbox 759 2195 861 2280; x_wconf 89' lang='lat' dir='ltr'><strong>primo</strong></span> <span class='ocrx_word' id='word_1_132' title='bbox 882 2195 987 2281; x_wconf 90' lang='lat' dir='ltr'><strong>pretio</strong></span> <span class='ocrx_word' id='word_1_133' title='bbox 1011 2202 1213 2262; x_wconf 90' lang='lat' dir='ltr'><strong>ornaverant.</strong></span> 
     </span>
    </p>

    <p class='ocr_par' dir='ltr' id='par_1_3' title="bbox 327 2298 1478 4570">
     <span class='ocr_line' id='line_1_19' title="bbox 421 2298 1472 2384; baseline -0.007 -13"><span class='ocrx_word' id='word_1_134' title='bbox 421 2303 506 2371; x_wconf 90' lang='lat' dir='ltr'><strong>Nam</strong></span> <span class='ocrx_word' id='word_1_135' title='bbox 533 2301 610 2384; x_wconf 92' lang='lat' dir='ltr'><strong>quin</strong></span> <span class='ocrx_word' id='word_1_136' title='bbox 635 2299 868 2384; x_wconf 87' lang='lat' dir='ltr'><strong>Aristophanes</strong></span> <span class='ocrx_word' id='word_1_137' title='bbox 899 2319 993 2365; x_wconf 90' lang='lat' dir='ltr'><strong>verus</strong></span> <span class='ocrx_word' id='word_1_138' title='bbox 1024 2299 1104 2364; x_wconf 84' lang='lat' dir='ltr'><strong>civis</strong></span> <span class='ocrx_word' id='word_1_139' title='bbox 1131 2298 1336 2366; x_wconf 89' lang='lat' dir='ltr'><strong>Atheniensis</strong></span> <span class='ocrx_word' id='word_1_140' title='bbox 1365 2299 1472 2384; x_wconf 84' lang='lat' dir='ltr'><strong>fuerit,</strong></span> 
     </span>
     <span class='ocr_line' id='line_1_20' title="bbox 327 2403 1474 2491; baseline -0.003 -18"><span class='ocrx_word' id='word_1_141' title='bbox 327 2421 428 2474; x_wconf 83' lang='lat' dir='ltr'><strong>&#39;nemo</strong></span> <span class='ocrx_word' id='word_1_142' title='bbox 460 2411 567 2491; x_wconf 91' lang='lat' dir='ltr'><strong>potest</strong></span> <span class='ocrx_word' id='word_1_143' title='bbox 601 2405 764 2488; x_wconf 89' lang='lat' dir='ltr'><strong>dubitare,</strong></span> <span class='ocrx_word' id='word_1_144' title='bbox 799 2404 924 2470; x_wconf 90' lang='lat' dir='ltr'><strong>etiamsi</strong></span> <span class='ocrx_word' id='word_1_145' title='bbox 958 2403 1098 2470; x_wconf 87' lang='lat' dir='ltr'><strong>breviter</strong></span> <span class='ocrx_word' id='word_1_146' title='bbox 1126 2409 1250 2470; x_wconf 91' lang='lat' dir='ltr'><strong>tantum</strong></span> <span class='ocrx_word' id='word_1_147' title='bbox 1276 2403 1309 2469; x_wconf 90' lang='lat' dir='ltr'><strong>in</strong></span> <span class='ocrx_word' id='word_1_148' title='bbox 1336 2404 1474 2470; x_wconf 88' lang='lat' dir='ltr'><strong>transitu</strong></span> 
     </span>
     <span class='ocr_line' id='line_1_21' title="bbox 337 2507 1474 2594; baseline -0.004 -16"><span class='ocrx_word' id='word_1_149' title='bbox 337 2509 522 2578; x_wconf 87' lang='lat' dir='ltr'><strong>comoedias</strong></span> <span class='ocrx_word' id='word_1_150' title='bbox 554 2509 623 2576; x_wconf 90' lang='lat' dir='ltr'><strong>eius</strong></span> <span class='ocrx_word' id='word_1_151' title='bbox 656 2509 884 2594; x_wconf 90' lang='lat' dir='ltr'><strong>percensuerit.</strong></span> <span class='ocrx_word' id='word_1_152' title='bbox 944 2508 1072 2574; x_wconf 86' lang='lat' dir='ltr'><strong>Etenim</strong></span> <span class='ocrx_word' id='word_1_153' title='bbox 1109 2508 1137 2574; x_wconf 96' lang='lat' dir='ltr'><strong>si</strong></span> <span class='ocrx_word' id='word_1_154' title='bbox 1171 2529 1236 2575; x_wconf 91' lang='lat' dir='ltr'><strong>non</strong></span> <span class='ocrx_word' id='word_1_155' title='bbox 1268 2507 1474 2592; x_wconf 86' lang='lat' dir='ltr'><strong>Atheniensis</strong></span> 
     </span>
     <span class='ocr_line' id='line_1_22' title="bbox 336 2610 1475 2699; baseline -0.005 -17"><span class='ocrx_word' id='word_1_156' title='bbox 336 2615 458 2699; x_wconf 83' lang='lat' dir='ltr'><strong>fuisset,</strong></span> <span class='ocrx_word' id='word_1_157' title='bbox 482 2613 544 2681; x_wconf 91' lang='lat' dir='ltr'><strong>etsi</strong></span> <span class='ocrx_word' id='word_1_158' title='bbox 566 2633 686 2678; x_wconf 92' lang='lat' dir='ltr'><strong>summo</strong></span> <span class='ocrx_word' id='word_1_159' title='bbox 701 2612 830 2696; x_wconf 87' lang='lat' dir='ltr'><strong>ingenio</strong></span> <span class='ocrx_word' id='word_1_160' title='bbox 847 2611 960 2678; x_wconf 90' lang='lat' dir='ltr'><strong>fuisset</strong></span> <span class='ocrx_word' id='word_1_161' title='bbox 975 2611 1151 2696; x_wconf 89' lang='lat' dir='ltr'><strong>praeditus,</strong></span> <span class='ocrx_word' id='word_1_162' title='bbox 1174 2631 1216 2679; x_wconf 91' lang='lat' dir='ltr'><strong>ne</strong></span> <span class='ocrx_word' id='word_1_163' title='bbox 1232 2631 1329 2678; x_wconf 89' lang='lat' dir='ltr'><strong>unam</strong></span> <span class='ocrx_word' id='word_1_164' title='bbox 1344 2610 1475 2695; x_wconf 88' lang='lat' dir='ltr'><strong>quidem</strong></span> 
     </span>
     <span class='ocr_line' id='line_1_23' title="bbox 335 2705 1476 2802; baseline -0.004 -18"><span class='ocrx_word' id='word_1_165' title='bbox 335 2717 605 2802; x_wconf 89' lang='lat' dir='ltr'><strong>Aristophaneam</strong></span> <span class='ocrx_word' id='word_1_166' title='bbox 632 2716 831 2782; x_wconf 87' lang='lat' dir='ltr'><strong>comoediam</strong></span> <span class='ocrx_word' id='word_1_167' title='bbox 860 2705 1099 2799; x_wconf 86' lang='lat' dir='ltr'><strong>composuisset.</strong></span> <span class='ocrx_word' id='word_1_168' title='bbox 1149 2715 1269 2780; x_wconf 90' lang='lat' dir='ltr'><strong>Iamsi</strong></span> <span class='ocrx_word' id='word_1_169' title='bbox 1292 2715 1476 2782; x_wconf 88' lang='lat' dir='ltr'><strong>considera-</strong></span> 
     </span>
     <span class='ocr_line' id='line_1_24' title="bbox 336 2819 1477 2906; baseline -0.005 -16"><span class='ocrx_word' id='word_1_170' title='bbox 336 2842 419 2906; x_wconf 89' lang='lat' dir='ltr'><strong>mus,</strong></span> <span class='ocrx_word' id='word_1_171' title='bbox 460 2842 556 2904; x_wconf 90' lang='lat' dir='ltr'><strong>quam</strong></span> <span class='ocrx_word' id='word_1_172' title='bbox 594 2820 747 2904; x_wconf 86' lang='lat' dir='ltr'><strong>singulari</strong></span> <span class='ocrx_word' id='word_1_173' title='bbox 776 2825 855 2903; x_wconf 88' lang='lat' dir='ltr'><strong>arte</strong></span> <span class='ocrx_word' id='word_1_174' title='bbox 889 2819 1121 2904; x_wconf 88' lang='lat' dir='ltr'><strong>Aristophanes</strong></span> <span class='ocrx_word' id='word_1_175' title='bbox 1158 2819 1301 2903; x_wconf 78' lang='lat' dir='ltr'><strong>hagnam</strong></span> <span class='ocrx_word' id='word_1_176' title='bbox 1334 2819 1477 2886; x_wconf 86' lang='lat' dir='ltr'><strong>Atticam</strong></span> 
     </span>
     <span class='ocr_line' id='line_1_25' title="bbox 336 2922 1476 3008; baseline -0.004 -16"><span class='ocrx_word' id='word_1_177' title='bbox 336 2924 534 3008; x_wconf 87' lang='lat' dir='ltr'><strong>tractaverit,</strong></span> <span class='ocrx_word' id='word_1_178' title='bbox 565 2924 592 2989; x_wconf 89' lang='lat' dir='ltr'><strong>si</strong></span> <span class='ocrx_word' id='word_1_179' title='bbox 619 2930 813 3008; x_wconf 89' lang='lat' dir='ltr'><strong>reputamus,</strong></span> <span class='ocrx_word' id='word_1_180' title='bbox 842 2929 964 3006; x_wconf 90' lang='lat' dir='ltr'><strong>quanta</strong></span> <span class='ocrx_word' id='word_1_181' title='bbox 990 2923 1122 2990; x_wconf 88' lang='lat' dir='ltr'><strong>licentia</strong></span> <span class='ocrx_word' id='word_1_182' title='bbox 1149 2943 1225 2989; x_wconf 89' lang='lat' dir='ltr'><strong>usus</strong></span> <span class='ocrx_word' id='word_1_183' title='bbox 1255 2923 1297 2988; x_wconf 91' lang='lat' dir='ltr'><strong>sit</strong></span> <span class='ocrx_word' id='word_1_184' title='bbox 1325 2922 1360 2988; x_wconf 91' lang='lat' dir='ltr'><strong>in</strong></span> <span class='ocrx_word' id='word_1_185' title='bbox 1382 2923 1476 2989; x_wconf 91' lang='lat' dir='ltr'><strong>casti-</strong></span> 
     </span>
     <span class='ocr_line' id='line_1_26' title="bbox 338 3026 1477 3112; baseline -0.004 -17"><span class='ocrx_word' id='word_1_186' title='bbox 338 3029 455 3112; x_wconf 88' lang='lat' dir='ltr'><strong>gandis</strong></span> <span class='ocrx_word' id='word_1_187' title='bbox 482 3027 530 3094; x_wconf 89' lang='lat' dir='ltr'><strong>rei</strong></span> <span class='ocrx_word' id='word_1_188' title='bbox 551 3027 701 3112; x_wconf 90' lang='lat' dir='ltr'><strong>publicae</strong></span> <span class='ocrx_word' id='word_1_189' title='bbox 724 3027 850 3110; x_wconf 90' lang='lat' dir='ltr'><strong>legibus</strong></span> <span class='ocrx_word' id='word_1_190' title='bbox 873 3027 1088 3110; x_wconf 88' lang='lat' dir='ltr'><strong>institutisque</strong></span> <span class='ocrx_word' id='word_1_191' title='bbox 1112 3032 1145 3093; x_wconf 88' lang='lat' dir='ltr'><strong>et</strong></span> <span class='ocrx_word' id='word_1_192' title='bbox 1166 3026 1200 3091; x_wconf 93' lang='lat' dir='ltr'><strong>in</strong></span> <span class='ocrx_word' id='word_1_193' title='bbox 1221 3026 1477 3111; x_wconf 86' lang='lat' dir='ltr'><strong>perstringendis</strong></span> 
     </span>
     <span class='ocr_line' id='line_1_27' title="bbox 338 3129 1476 3214; baseline -0.001 -17"><span class='ocrx_word' id='word_1_194' title='bbox 338 3131 414 3197; x_wconf 90' lang='lat' dir='ltr'><strong>viris</strong></span> <span class='ocrx_word' id='word_1_195' title='bbox 445 3129 675 3214; x_wconf 87' lang='lat' dir='ltr'><strong>insignissimis,</strong></span> <span class='ocrx_word' id='word_1_196' title='bbox 708 3129 949 3196; x_wconf 87' lang='lat' dir='ltr'><strong>concedendum</strong></span> <span class='ocrx_word' id='word_1_197' title='bbox 979 3137 1028 3195; x_wconf 87' lang='lat' dir='ltr'><strong>est</strong></span> <span class='ocrx_word' id='word_1_198' title='bbox 1055 3129 1123 3196; x_wconf 93' lang='lat' dir='ltr'><strong>hoc·</strong></span> <span class='ocrx_word' id='word_1_199' title='bbox 1144 3130 1263 3195; x_wconf 91' lang='lat' dir='ltr'><strong>homini</strong></span> <span class='ocrx_word' id='word_1_200' title='bbox 1292 3130 1476 3197; x_wconf 90' lang='lat' dir='ltr'><strong>adventicio</strong></span> 
     </span>
     <span class='ocr_line' id='line_1_28' title="bbox 338 3227 1477 3318; baseline -0.001 -17"><span class='ocrx_word' id='word_1_201' title='bbox 338 3234 456 3301; x_wconf 90' lang='lat' dir='ltr'><strong>nemini</strong></span> <span class='ocrx_word' id='word_1_202' title='bbox 480 3271 517 3282; x_wconf 83' lang='lat'>—</span> <span class='ocrx_word' id='word_1_203' title='bbox 544 3240 642 3316; x_wconf 89' lang='lat' dir='ltr'><strong>atque</strong></span> <span class='ocrx_word' id='word_1_204' title='bbox 664 3254 705 3300; x_wconf 92' lang='lat' dir='ltr'><strong>ne</strong></span> <span class='ocrx_word' id='word_1_205' title='bbox 727 3233 792 3299; x_wconf 90' lang='lat' dir='ltr'><strong>filio</strong></span> <span class='ocrx_word' id='word_1_206' title='bbox 809 3227 940 3317; x_wconf 91' lang='lat' dir='ltr'><strong>quidem</strong></span> <span class='ocrx_word' id='word_1_207' title='bbox 954 3233 1089 3299; x_wconf 90' lang='lat' dir='ltr'><strong>hominis</strong></span> <span class='ocrx_word' id='word_1_208' title='bbox 1105 3233 1290 3318; x_wconf 86' lang='lat' dir='ltr'><strong>adventicii,</strong></span> <span class='ocrx_word' id='word_1_209' title='bbox 1314 3233 1342 3300; x_wconf 92' lang='lat' dir='ltr'><strong>si</strong></span> <span class='ocrx_word' id='word_1_210' title='bbox 1357 3233 1477 3300; x_wconf 89' lang='lat' dir='ltr'><strong>Aristo·</strong></span> 
     </span>
     <span class='ocr_line' id='line_1_29' title="bbox 338 3337 1477 3425; baseline 0 -21"><span class='ocrx_word' id='word_1_211' title='bbox 338 3340 479 3425; x_wconf 89' lang='lat' dir='ltr'><strong>phanem</strong></span> <span class='ocrx_word' id='word_1_212' title='bbox 506 3337 611 3422; x_wconf 91' lang='lat' dir='ltr'><strong>ipsum</strong></span> <span class='ocrx_word' id='word_1_213' title='bbox 639 3337 705 3403; x_wconf 92' lang='lat' dir='ltr'><strong>iam</strong></span> <span class='ocrx_word' id='word_1_214' title='bbox 731 3337 867 3404; x_wconf 90' lang='lat' dir='ltr'><strong>Athenis</strong></span> <span class='ocrx_word' id='word_1_215' title='bbox 893 3343 1003 3405; x_wconf 90' lang='lat' dir='ltr'><strong>natum</strong></span> <span class='ocrx_word' id='word_1_216' title='bbox 1033 3357 1104 3404; x_wconf 90' lang='lat' dir='ltr'><strong>esse</strong></span> <span class='ocrx_word' id='word_1_217' title='bbox 1132 3337 1319 3405; x_wconf 87' lang='lat' dir='ltr'><strong>conceditur</strong></span> <span class='ocrx_word' id='word_1_218' title='bbox 1341 3375 1384 3387; x_wconf 85' lang='lat'><strong>-</strong></span> <span class='ocrx_word' id='word_1_219' title='bbox 1407 3359 1477 3423; x_wconf 91' lang='lat' dir='ltr'><strong>per·</strong></span> 
     </span>
     <span class='ocr_line' id='line_1_30' title="bbox 338 3441 1476 3528; baseline 0 -20"><span class='ocrx_word' id='word_1_220' title='bbox 338 3443 430 3528; x_wconf 88' lang='lat' dir='ltr'><strong>mitti,</strong></span> <span class='ocrx_word' id='word_1_221' title='bbox 453 3442 534 3509; x_wconf 91' lang='lat' dir='ltr'><strong>illud</strong></span> <span class='ocrx_word' id='word_1_222' title='bbox 555 3443 598 3508; x_wconf 91' lang='lat' dir='ltr'><strong>ab</strong></span> <span class='ocrx_word' id='word_1_223' title='bbox 621 3442 736 3508; x_wconf 88' lang='lat' dir='ltr'><strong>eodem</strong></span> <span class='ocrx_word' id='word_1_224' title='bbox 758 3463 930 3525; x_wconf 91' lang='lat' dir='ltr'><strong>numquam</strong></span> <span class='ocrx_word' id='word_1_225' title='bbox 952 3441 1064 3526; x_wconf 89' lang='lat' dir='ltr'><strong>perfici</strong></span> <span class='ocrx_word' id='word_1_226' title='bbox 1085 3441 1238 3526; x_wconf 89' lang='lat' dir='ltr'><strong>potuisse.</strong></span> <span class='ocrx_word' id='word_1_227' title='bbox 1276 3443 1393 3524; x_wconf 88' lang='lat' dir='ltr'><strong>Itaque</strong></span> <span class='ocrx_word' id='word_1_228' title='bbox 1409 3442 1476 3508; x_wconf 93' lang='lat' dir='ltr'><strong>sine</strong></span> 
     </span>
     <span class='ocr_line' id='line_1_31' title="bbox 338 3544 1478 3631; baseline -0.004 -17"><span class='ocrx_word' id='word_1_229' title='bbox 338 3549 405 3614; x_wconf 90' lang='lat' dir='ltr'><strong>ulla</strong></span> <span class='ocrx_word' id='word_1_230' title='bbox 432 3546 631 3614; x_wconf 87' lang='lat' dir='ltr'><strong>dubitatione</strong></span> <span class='ocrx_word' id='word_1_231' title='bbox 663 3545 839 3631; x_wconf 89' lang='lat' dir='ltr'><strong>accipimus</strong></span> <span class='ocrx_word' id='word_1_232' title='bbox 869 3545 964 3610; x_wconf 90' lang='lat' dir='ltr'><strong>Vitae</strong></span> <span class='ocrx_word' id='word_1_233' title='bbox 994 3544 1202 3630; x_wconf 86' lang='lat' dir='ltr'><strong>principium:</strong></span> <span class='ocrx_word' id='word_1_234' title='bbox 1242 3545 1478 3631; x_wconf 79' lang='grc' dir='ltr'><strong><em>Ἀριστοφάνης</em></strong></span> 
     </span>
     <span class='ocr_line' id='line_1_32' title="bbox 339 3647 1476 3736; baseline -0.001 -21"><span class='ocrx_word' id='word_1_235' title='bbox 339 3651 358 3715; x_wconf 85' lang='grc' dir='ltr'><strong><em>δ</em></strong></span> <span class='ocrx_word' id='word_1_236' title='bbox 380 3649 618 3736; x_wconf 83' lang='grc' dir='ltr'><strong><em>κωμῳδοποιὸς</em></strong></span> <span class='ocrx_word' id='word_1_237' title='bbox 636 3649 764 3735; x_wconf 81' lang='grc' dir='ltr'><strong><em>’πατρὸς</em></strong></span> <span class='ocrx_word' id='word_1_238' title='bbox 785 3649 843 3731; x_wconf 62' lang='grc' dir='ltr'><strong>μὲν</strong></span> <span class='ocrx_word' id='word_1_239' title='bbox 863 3648 903 3734; x_wconf 79' lang='grc' dir='ltr'><strong>ἦν</strong></span> <span class='ocrx_word' id='word_1_240' title='bbox 930 3648 1115 3722; x_wconf 76' lang='grc' dir='ltr'><strong><em>Φιλίππου,</em></strong></span> <span class='ocrx_word' id='word_1_241' title='bbox 1140 3648 1176 3713; x_wconf 81' lang='grc' dir='ltr'><strong>οδ</strong></span> <span class='ocrx_word' id='word_1_242' title='bbox 1203 3647 1240 3712; x_wconf 78' lang='grc' dir='ltr'><strong>δὲ</strong></span> <span class='ocrx_word' id='word_1_243' title='bbox 1262 3651 1355 3729; x_wconf 76' lang='grc' dir='ltr'><strong><em>γένος</em></strong></span> <span class='ocrx_word' id='word_1_244' title='bbox 1369 3649 1476 3733; x_wconf 70' lang='grc' dir='ltr'><strong>Ἀθη-</strong></span> 
     </span>
     <span class='ocr_line' id='line_1_33' title="bbox 340 3750 1478 3838; baseline -0.003 -18"><span class='ocrx_word' id='word_1_245' title='bbox 340 3763 443 3828; x_wconf 65' lang='lat' dir='ltr'><strong>octog,</strong></span> <span class='ocrx_word' id='word_1_246' title='bbox 474 3756 538 3817; x_wconf 80' lang='grc' dir='ltr'><strong>τῶν</strong></span> <span class='ocrx_word' id='word_1_247' title='bbox 566 3751 677 3837; x_wconf 81' lang='grc' dir='ltr'><strong><em>δήμων</em></strong></span> <span class='ocrx_word' id='word_1_248' title='bbox 706 3750 971 3836; x_wconf 66' lang='grc' dir='ltr'><strong><em>Κυδαθηναιεύς,</em></strong></span> <span class='ocrx_word' id='word_1_249' title='bbox 995 3750 1220 3826; x_wconf 76' lang='grc' dir='ltr'><strong><em>Πανδιονίδος</em></strong></span> <span class='ocrx_word' id='word_1_250' title='bbox 1249 3751 1368 3838; x_wconf 61' lang='lat' dir='ltr'><strong>pudic:</strong></span> <span class='ocrx_word' id='word_1_251' title='bbox 1403 3774 1478 3820; x_wconf 88' lang='lat' dir='ltr'><strong>nam</strong></span> 
     </span>
     <span class='ocr_line' id='line_1_34' title="bbox 340 3856 1477 3941; baseline -0.002 -18"><span class='ocrx_word' id='word_1_252' title='bbox 340 3859 402 3924; x_wconf 91' lang='lat' dir='ltr'><strong>hoc</strong></span> <span class='ocrx_word' id='word_1_253' title='bbox 430 3856 644 3924; x_wconf 89' lang='lat' dir='ltr'><strong>testimonium</strong></span> <span class='ocrx_word' id='word_1_254' title='bbox 673 3877 783 3922; x_wconf 91' lang='lat' dir='ltr'><strong>verum</strong></span> <span class='ocrx_word' id='word_1_255' title='bbox 811 3876 882 3922; x_wconf 89' lang='lat' dir='ltr'><strong>esse</strong></span> <span class='ocrx_word' id='word_1_256' title='bbox 909 3877 968 3941; x_wconf 89' lang='lat' dir='ltr'><strong>per</strong></span> <span class='ocrx_word' id='word_1_257' title='bbox 995 3876 1031 3922; x_wconf 91' lang='lat' dir='ltr'><strong>se</strong></span> <span class='ocrx_word' id='word_1_258' title='bbox 1057 3857 1162 3941; x_wconf 91' lang='lat' dir='ltr'><strong>ipsum</strong></span> <span class='ocrx_word' id='word_1_259' title='bbox 1188 3861 1340 3928; x_wconf 63' lang='lat' dir='ltr'><strong>testatur,</strong></span> <span class='ocrx_word' id='word_1_260' title='bbox 1384 3857 1477 3924; x_wconf 87' lang='lat' dir='ltr'><strong>Unde</strong></span> 
     </span>
     <span class='ocr_line' id='line_1_35' title="bbox 341 3959 1478 4044; baseline -0.003 -15"><span class='ocrx_word' id='word_1_261' title='bbox 341 3962 425 4030; x_wconf 88' lang='lat' dir='ltr'><strong>enim</strong></span> <span class='ocrx_word' id='word_1_262' title='bbox 459 3967 615 4027; x_wconf 89' lang='lat' dir='ltr'><strong>terrarum</strong></span> <span class='ocrx_word' id='word_1_263' title='bbox 647 3961 727 4026; x_wconf 89' lang='lat' dir='ltr'><strong>talia</strong></span> <span class='ocrx_word' id='word_1_264' title='bbox 759 3960 838 4043; x_wconf 85' lang='lat' dir='ltr'><strong>tingi</strong></span> <span class='ocrx_word' id='word_1_265' title='bbox 871 3961 1053 4044; x_wconf 82' lang='lat' dir='ltr'><strong>potuerunt,</strong></span> <span class='ocrx_word' id='word_1_266' title='bbox 1086 3959 1170 4044; x_wconf 91' lang='lat' dir='ltr'><strong>urbs,</strong></span> <span class='ocrx_word' id='word_1_267' title='bbox 1204 3979 1319 4044; x_wconf 86' lang='lat' dir='ltr'><strong>pagus,</strong></span> <span class='ocrx_word' id='word_1_268' title='bbox 1354 3959 1478 4028; x_wconf 81' lang='lat' dir='ltr'><strong>tribus?</strong></span> 
     </span>
     <span class='ocr_line' id='line_1_36' title="bbox 341 4064 1478 4150; baseline -0.004 -16"><span class='ocrx_word' id='word_1_269' title='bbox 341 4069 440 4134; x_wconf 92' lang='lat' dir='ltr'><strong>Immo</strong></span> <span class='ocrx_word' id='word_1_270' title='bbox 469 4087 491 4132; x_wconf 91' lang='lat' dir='ltr'><strong>a</strong></span> <span class='ocrx_word' id='word_1_271' title='bbox 517 4066 600 4132; x_wconf 88' lang='lat' dir='ltr'><strong>bono</strong></span> <span class='ocrx_word' id='word_1_272' title='bbox 630 4064 718 4132; x_wconf 90' lang='lat' dir='ltr'><strong>fonte</strong></span> <span class='ocrx_word' id='word_1_273' title='bbox 746 4064 829 4130; x_wconf 88' lang='lat' dir='ltr'><strong>haec</strong></span> <span class='ocrx_word' id='word_1_274' title='bbox 855 4065 972 4130; x_wconf 89' lang='lat' dir='ltr'><strong>hausta</strong></span> <span class='ocrx_word' id='word_1_275' title='bbox 1000 4084 1071 4131; x_wconf 89' lang='lat' dir='ltr'><strong>esse</strong></span> <span class='ocrx_word' id='word_1_276' title='bbox 1102 4085 1120 4130; x_wconf 91' lang='lat' dir='ltr'><strong>e</strong></span> <span class='ocrx_word' id='word_1_277' title='bbox 1148 4064 1326 4130; x_wconf 88' lang='lat' dir='ltr'><strong>subtilitate</strong></span> <span class='ocrx_word' id='word_1_278' title='bbox 1353 4070 1386 4130; x_wconf 89' lang='lat' dir='ltr'><strong>et</strong></span> <span class='ocrx_word' id='word_1_279' title='bbox 1408 4086 1478 4150; x_wconf 91' lang='lat' dir='ltr'><strong>pro-</strong></span> 
     </span>
     <span class='ocr_line' id='line_1_37' title="bbox 341 4167 1478 4259; baseline -0.003 -23"><span class='ocrx_word' id='word_1_280' title='bbox 341 4171 480 4256; x_wconf 90' lang='lat' dir='ltr'><strong>prietate</strong></span> <span class='ocrx_word' id='word_1_281' title='bbox 503 4170 673 4235; x_wconf 91' lang='lat' dir='ltr'><strong>verborum</strong></span> <span class='ocrx_word' id='word_1_282' title='bbox 696 4168 836 4235; x_wconf 90' lang='lat' dir='ltr'><strong>dilucide</strong></span> <span class='ocrx_word' id='word_1_283' title='bbox 853 4175 1008 4259; x_wconf 85' lang='lat' dir='ltr'><strong>apparet.</strong></span> <span class='ocrx_word' id='word_1_284' title='bbox 1053 4167 1159 4250; x_wconf 90' lang='lat' dir='ltr'><strong>Atque</strong></span> <span class='ocrx_word' id='word_1_285' title='bbox 1183 4168 1282 4234; x_wconf 89' lang='lat' dir='ltr'><strong>etiam</strong></span> <span class='ocrx_word' id='word_1_286' title='bbox 1303 4168 1414 4235; x_wconf 89' lang='lat' dir='ltr'><strong>nescio</strong></span> <span class='ocrx_word' id='word_1_287' title='bbox 1438 4190 1478 4234; x_wconf 91' lang='lat' dir='ltr'><strong>an</strong></span> 
     </span>
     <span class='ocr_line' id='line_1_38' title="bbox 343 4271 1478 4356; baseline -0.002 -16"><span class='ocrx_word' id='word_1_288' title='bbox 343 4274 477 4340; x_wconf 89' lang='lat' dir='ltr'><strong>alicuius</strong></span> <span class='ocrx_word' id='word_1_289' title='bbox 510 4272 660 4339; x_wconf 89' lang='lat' dir='ltr'><strong>momenti</strong></span> <span class='ocrx_word' id='word_1_290' title='bbox 694 4271 803 4338; x_wconf 84' lang='lat' dir='ltr'><strong>tacere</strong></span> <span class='ocrx_word' id='word_1_291' title='bbox 837 4272 948 4355; x_wconf 88' lang='lat' dir='ltr'><strong>liceat,</strong></span> <span class='ocrx_word' id='word_1_292' title='bbox 984 4271 1070 4354; x_wconf 93' lang='lat' dir='ltr'><strong>quod</strong></span> <span class='ocrx_word' id='word_1_293' title='bbox 1102 4277 1201 4356; x_wconf 90' lang='lat' dir='ltr'><strong>poeta</strong></span> <span class='ocrx_word' id='word_1_294' title='bbox 1233 4272 1305 4338; x_wconf 91' lang='lat' dir='ltr'><strong>loco</strong></span> <span class='ocrx_word' id='word_1_295' title='bbox 1340 4273 1478 4356; x_wconf 89' lang='lat' dir='ltr'><strong>quodam</strong></span> 
     </span>
     <span class='ocr_line' id='line_1_39' title="bbox 341 4375 1478 4464; baseline -0.003 -19"><span class='ocrx_word' id='word_1_296' title='bbox 341 4377 447 4462; x_wconf 91' lang='lat' dir='ltr'><strong>Pacis,</strong></span> <span class='ocrx_word' id='word_1_297' title='bbox 481 4376 537 4444; x_wconf 90' lang='lat' dir='ltr'><strong>ubi</strong></span> <span class='ocrx_word' id='word_1_298' title='bbox 569 4377 670 4442; x_wconf 89' lang='lat' dir='ltr'><strong>tribus</strong></span> <span class='ocrx_word' id='word_1_299' title='bbox 703 4376 867 4459; x_wconf 89' lang='lat' dir='ltr'><strong>quaelibet</strong></span> <span class='ocrx_word' id='word_1_300' title='bbox 894 4375 1050 4442; x_wconf 89' lang='lat' dir='ltr'><strong>nominari</strong></span> <span class='ocrx_word' id='word_1_301' title='bbox 1082 4382 1227 4462; x_wconf 91' lang='lat' dir='ltr'><strong>poterat,</strong></span> <span class='ocrx_word' id='word_1_302' title='bbox 1261 4395 1353 4442; x_wconf 92' lang='lat' dir='ltr'><strong>suam</strong></span> <span class='ocrx_word' id='word_1_303' title='bbox 1379 4376 1478 4464; x_wconf 87' lang='lat' dir='ltr'><strong>ipsius</strong></span> 
     </span>
     <span class='ocr_line' id='line_1_40' title="bbox 344 4481 644 4570; baseline -0.013 -18"><span class='ocrx_word' id='word_1_304' title='bbox 344 4481 452 4570; x_wconf 85' lang='lat' dir='ltr'><strong>elegit,</strong></span> <span class='ocrx_word' id='word_1_305' title='bbox 475 4501 521 4548; x_wconf 91' lang='lat' dir='ltr'><strong>vs.</strong></span> <span class='ocrx_word' id='word_1_306' title='bbox 547 4481 644 4548; x_wconf 82' lang='lat'>1183:</span> 
     </span>
    </p>
   </div>
   <div class='ocr_carea' id='block_1_3' title="bbox 0 0 1584 5266">
    <p class='ocr_par' dir='ltr' id='par_1_4' title="bbox 0 0 1584 5266">
     <span class='ocr_line' id='line_1_41' title="bbox 0 0 1584 5266; baseline 0 0"><span class='ocrx_word' id='word_1_307' title='bbox 0 0 1584 5266; x_wconf 95' lang='lat' dir='ltr'><strong> </strong></span> 
     </span>
    </p>
   </div>
  </div>
 </body>
</html>
