3140 5266
807 355 1013 416 ,10-

338 543 379 609 δο
403 541 618 628 Aristophane
643 541 806 625 ubercota,
830 541 1024 627 coryphaeo‚
1053 547 1172 625 actore,
1203 540 1288 624 quod
1312 561 1332 606 a
1356 547 1490 625 poetae

338 645 468 728 ingenio
492 665 620 730 prorsus
643 645 803 711 abhorret.
835 645 955 711 Arcere
975 645 1060 711 viros
1076 645 1187 710 doctos
1201 643 1320 710 talibus
1335 644 1492 709 inventis

339 749 403 813 iam
426 749 560 831 Bergkii
590 750 690 815 verba
714 748 892 814 debuerunt
920 753 984 833 (ap.
1008 747 1102 813 Mein.
1126 747 1164 814 fr.
1189 769 1267 814 com.
1292 749 1410 815 Gracc.
1442 750 1491 812 Π.

339 873 415 936 pag.
440 853 530 934 916):
557 852 609 938 „in
632 873 696 935 qua
719 856 775 934 (sc.
799 851 832 916 in
854 853 917 918 hac
939 851 1079 935 imagine
1102 853 1154 917 vel
1174 851 1405 937 similitudine),
1434 852 1494 916 vir·

341 956 454 1022 doctus
476 956 588 1040 inquit,
611 956 692 1021 illud
714 955 778 1020 noli
800 955 893 1020 nimis
916 957 1040 1040 efferre,
1065 955 1150 1038 quod
1167 955 1228 1020 tria
1244 956 1337 1037 quasi
1353 977 1491 1039 genera

341 1059 499 1144 distinxit,
535 1079 617 1124 neve
652 1058 726 1124 inde
761 1057 902 1124 conicias
935 1058 981 1123 sie
1018 1057 1115 1124 etiam
1148 1058 1180 1123 in
1212 1058 1324 1123 comici
1355 1067 1491 1143 poetae

339 1183 469 1228 munere
503 1170 568 1227 tres
603 1162 693 1244 quasi
728 1161 848 1244 guarlus
879 1161 1108 1246 dispeseeudos
1142 1181 1225 1227 esse:
1260 1149 1372 1227 verum
1401 1164 1491 1228 nihil

341 1266 429 1330 aliud
444 1266 506 1331 hoe
522 1268 669 1349 exemplo
683 1265 778 1330 docet
790 1272 887 1350 poeta
903 1286 998 1348 quam
1011 1265 1278 1348 quemadmodum
1290 1265 1323 1330 in
1335 1267 1433 1334 navi.
1453 1320 1462 1332 .
1483 1319 1491 1332 .

341 1369 387 1434 ita
410 1369 507 1434 ctiam
529 1369 563 1434 in
586 1369 709 1434 comica
732 1376 801 1434 arte
825 1369 941 1434 sensim
958 1376 990 1434 et
1006 1369 1097 1451 quasi
1113 1390 1170 1453 per
1186 1369 1306 1452 gradus
1321 1390 1491 1435 summum
1556 1375 1557 1384 ’

341 1473 506 1555 fastigium
535 1493 605 1539 esse
635 1473 825 1558 petendum:
856 1472 1017 1556 significat
1044 1472 1140 1555 igitur
1167 1479 1265 1556 poeta
1286 1473 1365 1538 nihil
1390 1475 1491 1539 aliud

342 1597 437 1658 quam
453 1597 488 1642 sc
505 1577 639 1662 primum
655 1577 727 1642 aliis
744 1576 848 1660 poetis
863 1577 1015 1641 honorem
1030 1575 1177 1641 lubenter
1193 1576 1392 1644 concessisse
1411 1629 1418 1643 .
1437 1630 1443 1643 .
1467 1630 1488 1660 .‚

342 1701 425 1746 nuno
449 1681 576 1746 demum
599 1682 640 1746 ab
663 1686 813 1765 praetore
837 1679 967 1744 chorum
989 1685 1100 1764 petere
1123 1699 1234 1745 ausum
1257 1681 1359 1747 esse.“

428 1801 576 1868 Eandem
598 1823 665 1868 rem
687 1803 794 1886 tetigit
817 1801 1049 1887 Aristophanes
1071 1803 1154 1869 Nub.
1178 1823 1223 1868 ve.
1241 1805 1303 1869 528
1327 1824 1413 1887 sqq:

440 1921 473 1998 ἐξ
497 1925 573 1986 δεον
597 1925 657 2009 γὰρ
680 1923 796 1988 ἐνθάδ’
820 1923 877 1987 ὑπ’
901 1923 1043 2008 δνδρών,
1073 1921 1120 1998 οἷς
1142 1923 1204 2007 ἡδδ
1227 1923 1281 1986 καὶ
1303 1924 1421 2006 λέγειν,

441 2026 458 2088 ὁ
482 2027 620 2113 σώφρων
642 2050 675 2089 τε
697 2028 743 2108 χώ
766 2027 965 2108 καταπύγων
986 2027 1086 2112 ἄριστ’
1110 2027 1303 2112 ἠκουσάτην,

343 2149 416 2212 530.
440 2149 541 2229 κδγώ,
566 2153 735 2236 παρθένος
757 2149 818 2236 γὰρ
841 2150 882 2211 ἔτ’
907 2150 938 2234 ἦ,
961 2150 1040 2213 κούκ
1062 2148 1135 2233 ἐξῆν
1157 2150 1210 2212 πώ
1233 2172 1290 2232 μοι
1312 2161 1425 2225 τεκεῖν,

441 2251 592 2336 ἐξέθηκα,
616 2264 696 2328 παῖς
720 2252 749 2316 δ’
773 2251 863 2340 ἑτέρα
885 2276 933 2327 τις
955 2253 1088 2334 λαβοῦδ
1112 2252 1262 2336 δνείλετο,

441 2355 529 2437 ὑμεῖς
554 2355 583 2419 δ’
607 2355 806 2441 ἐξεθρέψατε
829 2360 981 2437 γενναίως
1003 2355 1257 2420 κάπαιδεύσατε·

441 2459 475 2521 ἐκ
497 2460 614 2524 τούτου
637 2484 693 2543 μοι
716 2462 817 2524 πιστὰ
839 2463 917 2547 παρ’
942 2460 1018 2543 ὑμῖν
1040 2460 1168 2545 γνώμης
1190 2459 1262 2523 ἐσθ’
1288 2463 1389 2545 ὅρκια.
1400 2463 1422 2542 ¹)

431 2579 567 2646 Simulat
589 2584 641 2647 vel
664 2581 755 2664 fingit
778 2588 876 2666 poeta
898 2601 932 2646 se
956 2580 1055 2646 etiam
1076 2579 1233 2663 virginem
1252 2579 1359 2662 fuisse,
1385 2600 1484 2662 quae,

344 2690 564 2768 compartum
587 2684 684 2750 edere
707 2686 846 2750 nondum
869 2684 1009 2767 deceret,
1033 2685 1156 2768 prolem
1179 2683 1372 2768 exposuerit.
1408 2685 1485 2750 Non

344 2792 393 2851 est
423 2806 539 2852 caussa
566 2787 727 2854 dissimilis
754 2787 799 2852 illi
822 2787 854 2852 in
877 2787 1027 2869 Equitum
1050 2787 1204 2870 parabasi
1226 2788 1384 2870 prolatae,
1409 2807 1485 2852 eum

342 2896 478 2972 utroque
515 2893 585 2956 loco
624 2891 767 2976 inprimis
807 2898 863 2957 aut
901 2891 1095 2976 imperitiam
1133 2898 1189 2956 aul
1226 2891 1484 2982 adulescentiam

344 3001 470 3078 arguat,
502 2995 616 3076 quibus
644 3017 685 3060 ne
714 2996 783 3080 ipse
806 2996 937 3060 doceret
964 2995 1136 3080 impeditus
1159 2995 1214 3077 sit3
1246 2996 1350 3061 altera
1373 3002 1485 3061 autem

344 3099 448 3163 altera
472 3098 663 3164 continetur:
694 3120 769 3164 nam
783 3105 923 3182 'propter
944 3099 979 3164 id
1001 3099 1115 3184 ipsum,
1139 3099 1224 3181 quod
1247 3105 1356 3164 aetate
1380 3100 1485 3165 minor·

345 3208 424 3285 erat,
449 3202 624 3286 imperitior·
647 3223 716 3268 esse
739 3203 800 3267 sibi
823 3202 994 3269 videbatur
1018 3225 1113 3286 quam
1130 3210 1165 3268 ut
1180 3203 1338 3269 fortunam
1355 3204 1484 3288 pericli-

346 3312 476 3371 taretur.

430 3409 488 3473 His
512 3409 635 3474 duobus
657 3408 736 3474 locis
759 3410 875 3493 probat
898 3416 931 3475 et
954 3416 1088 3476 excusat
1111 3410 1345 3492 quodammodo
1361 3411 1483 3478 Aristo·

344 3513 478 3598 phanes,
508 3518 650 3578 curtam
674 3511 728 3577 diu
751 3533 786 3578 se
810 3513 964 3579 celaverit
986 3514 1167 3579 fabularum
1189 3519 1353 3579 auctorem
1375 3536 1483 3597 neque

344 3638 401 3683 suo
425 3617 550 3682 nomine
575 3617 705 3682 chorum
728 3619 888 3703 petiverit.
933 3619 1039 3700 Atque
1063 3640 1103 3684 ex
1126 3618 1175 3684 his
1197 3618 1400 3700 grammatici
1423 3640 1483 3684 sua

345 3722 552 3805 collegerunt,
577 3741 660 3803 quae
681 3721 817 3805 legimus
840 3721 884 3787 ad
905 3723 988 3790 Nub.
1012 3742 1058 3787 vs.
1082 3723 1160 3788 529:
1196 3720 1311 3806 διόπερ
1336 3723 1401 3784 ἔστι
1424 3723 1483 3802 μὲν

345 3825 425 3889 αὐτὸ
453 3829 585 3910 πρώτον
612 3831 676 3889 τών
705 3826 879 3911 δραμάτων
907 3829 963 3909 (sc.
989 3827 1177 3911 Δαιταλῆς),
1207 3825 1276 3890 ὑπὸ
1307 3825 1343 3888 δέ
1365 3826 1482 3901 αἰδοῦς

346 3930 385 3992 οδ
409 3929 452 3992 δι’
474 3928 593 3993 ἑαυτοῦ
614 3928 803 4006 ἐπεδείξατο
826 3931 919 4004 αὐτό,
947 3969 985 3978 -
1010 3937 1043 3996 et
1066 3932 1109 3996 ad
1131 3939 1176 3996 v's
1201 3932 1282 3996 530:
1307 3930 1385 3994 κοδκ
1407 3931 1482 4015 ἐξῆν

345 4032 399 4096 πώ
432 4053 509 4115 μοι·
540 4035 634 4096 οὔπω
661 4032 841 4118 ἐπέτρεπον
868 4032 995 4119 ἐμαυτῷ
1021 4034 1058 4096 τὸ
1085 4034 1188 4113 λέγειν
1219 4033 1275 4097 διὰ
1303 4033 1360 4118 την
1386 4033 1480 4097 αἰδοῖ.

418 4242 437 4308 ¹)
455 4240 553 4296 Verba
572 4235 611 4300 οἷς
630 4237 678 4306 ridi·
696 4243 741 4294 καὶ
759 4243 844 4310 λέγειν
861 4259 901 4296 νε.
915 4241 966 4295 528
985 4247 1121 4311 corrupta
1134 4257 1196 4296 esse
1209 4241 1357 4312 videntum
1375 4243 1480 4298 Koskii

347 4332 461 4402 quidem
474 4330 640 4384 coniectura
659 4323 739 4382 ‘olum
757 4328 830 4393 δίκης
841 4327 922 4398 μέλε’
941 4345 1043 4384 vereor
1056 4346 1091 4382 ne
1105 4329 1231 4384 deterior
1243 4331 1281 4384 sit
1295 4349 1379 4400 quam
1392 4331 1479 4386 verbu

346 4419 461 4472 tradita.
489 4416 536 4470 Vs.
550 4416 600 4469 530
618 4415 678 4469 Leo
698 4415 822 4469 coniecit
840 4413 861 4466 e·
878 4413 927 4484 ’γώ
946 4432 997 4484 pro
1016 4413 1091 4484 κάγώ
1110 4415 1192 4483 (Mus.
1206 4416 1296 4470 Rhen.
1311 4417 1352 4470 33.
1369 4435 1396 4486 p.
1409 4418 1477 4486 401),

347 4521 420 4574 quae
439 4501 600 4574 probabilis
619 4509 662 4556 est
681 4502 856 4557 coniectura.
