3140 5266
806 351 933 432 ,κθ
978 405 1015 414 ..

434 553 526 631 Quae
549 576 620 621 cum
643 555 689 622 ita
709 555 781 641 sint,
804 577 845 622 ne
861 556 922 622 hoc
938 554 1068 638 quidem
1083 556 1263 641 Vesparum
1276 556 1350 629 loeo
1367 555 1493 622 Aristo-

348 657 488 742 phanem
515 681 536 725 a
566 660 686 726 Cleone
714 660 957 745 peregrinitatis
985 680 1075 726 rcum
1104 661 1226 727 factum
1254 681 1326 728 esse
1356 662 1493 747 probari

348 768 463 846 potest.
501 765 615 846 Itaque
638 769 808 848 postquam
830 764 893 830 hoe
916 784 1043 846 quoque
1066 763 1294 832 adminiculum
1315 764 1493 831 infirmavi·

348 886 426 950 mus,
451 873 551 932 totam
573 888 640 932 rem
663 867 919 934 commenticiam
941 888 1011 933 esse
1036 867 1198 934 evicimus.

435 970 548 1054 Longe
575 970 683 1037 hercle
711 971 943 1056 aBahyloniis
971 977 1004 1037 et
1026 971 1297 1057 Acharnensihus,
1327 973 1493 1056 aquibus

346 1073 485 1158 profecti
507 1094 625 1158 sumus,
652 1074 874 1140 aberravimus
896 1081 929 1141 et
952 1074 1045 1157 qnasi
1068 1076 1213 1158 pervim
1235 1076 1280 1142 ad
1302 1076 1434 1142 Cleonis
1459 1085 1494 1142 et

348 1176 571 1260 Aristophanis
598 1176 776 1243 simultates
806 1177 908 1242 delati
936 1197 1053 1243 sumus.
1098 1179 1213 1261 Neque
1241 1199 1319 1244 vero
1342 1180 1494 1263 poenitet

347 1280 440 1345 huius
477 1279 698 1365 digressionis,
736 1281 763 1345 si
800 1280 895 1346 modo
933 1281 976 1346 ad
1009 1281 1232 1348 illustrandam
1265 1282 1493 1366 quaestionem

349 1385 517 1450 obscuram
539 1383 662 1466 ahquid
685 1383 882 1450 contulimus.
913 1386 983 1450 Iam
1004 1385 1081 1450 licet
1102 1386 1147 1450 ad
1166 1386 1367 1471 propositum
1381 1387 1492 1453 redire

348 1495 381 1554 et
415 1488 455 1554 de
488 1488 641 1572 proximis
675 1487 849 1554 comoediis
883 1487 1064 1574 disputare,
1104 1509 1188 1572 quae
1221 1489 1422 1575 Babylonios
1458 1497 1493 1556 et

348 1591 574 1658 Acharnenses
597 1597 730 1658 secutae
753 1599 834 1658 sunt.

435 1695 552 1760 Tribus
567 1695 694 1780 fabulis,
718 1695 978 1780 Daetalensibus,
1000 1695 1199 1781 Babyloniis,
1215 1697 1491 1782 Achemensibus,

349 1819 407 1883 per
430 1798 647 1864 Callistratum
672 1798 706 1863 in
733 1819 886 1865 scaenam
913 1799 1052 1865 induetis
1073 1799 1139 1865 iam
1161 1799 1232 1884 ipse
1253 1800 1493 1885 Aristophanes

349 1903 507 1969 sodalium
536 1909 568 1967 et
597 1902 771 1968 amicorum
793 1909 909 1986 rogatu
931 1902 1115 1986 monituque
1139 1903 1270 1968 chorum
1292 1903 1410 1988 petivit
1432 1925 1493 1970 suo

349 2007 475 2072 nomine
506 2027 567 2071 nec
598 2005 716 2071 diutius
746 2006 834 2072 cives
864 2006 905 2072 de
932 2006 1062 2090 ingenio
1089 2026 1147 2072 suo
1171 2007 1303 2090 celavit,
1339 2008 1382 2073 cf.
1405 2009 1492 2091 Equ.

350 2130 418 2194 arg.
442 2111 490 2175 II:
525 2108 691 2193 ἐδιδάχθη
713 2110 750 2172 τὸ
775 2109 884 2196 δρᾶμα
905 2109 961 2174 ἐπὶ
984 2109 1222 2198 Στρατοκλέους
1243 2113 1403 2196 ἄρχοντος
1428 2112 1492 2197 δη·

349 2217 449 2297 pocior
471 2215 516 2287 εἷς
538 2213 669 2298 Λήναια
693 2212 741 2276 δι’
763 2213 866 2278 αὐτοῦ
887 2218 946 2280 τοῦ
967 2213 1225 2300 Ἀριστοφάνους
1247 2214 1313 2279 κτλ.
1365 2214 1435 2281 Sed
1458 2217 1492 2280 ni

350 2317 433 2383 fallit
460 2338 511 2383 me
539 2317 657 2402 opinio,
692 2317 759 2382 alia
783 2338 909 2400 quoque
932 2337 1049 2384 caussa
1072 2318 1219 2401 accessit,
1251 2337 1315 2400 qua
1337 2319 1494 2402 Equitum

351 2421 481 2486 chorum
502 2420 573 2505 ipse
596 2427 707 2505 petere
730 2427 829 2504 poeta
851 2421 1086 2504 quodammodo
1110 2427 1249 2509 coactus·
1265 2427 1323 2488 est.
1368 2423 1493 2489 Aristo-

350 2524 491 2609 phanem
513 2524 578 2590 iam
601 2523 680 2590 satis
702 2525 802 2590 multo
825 2531 901 2590 ante
925 2545 1021 2607 quam
1035 2524 1188 2626 Equitum
1209 2525 1322 2591 tabula
1338 2533 1494 2610 ageretur

351 2629 516 2695 consilium
549 2628 658 2696 iniisse
693 2629 855 2695 scribendi
889 2629 931 2694 de
959 2630 1089 2714 Cleone,
1125 2629 1179 2712 qui
1206 2629 1285 2695 artis
1312 2649 1393 2696 suae
1425 2637 1494 2696 tam

349 2733 497 2799 inimicus
529 2740 636 2800 custos
667 2733 852 2818 exstitisset,
887 2734 1085 2818 peculiarem
1118 2734 1318 2800 comoediam
1351 2741 1496 2820 apparet

351 2836 492 2903 dilucide
515 2858 533 2902 e
556 2836 645 2902 chori
666 2837 811 2903 versibus
833 2837 972 2902 Acham.
996 2839 1060 2904 300
1082 2857 1144 2922 sq.:

552 2939 594 3014 ὥς
616 2940 775 3025 μεμίσηκά
797 2957 830 3002 σε
853 2939 1001 3014 Κλέωνος
1023 2941 1068 3002 ἔτι
1089 2939 1228 3022 μᾶλλον,
1252 2943 1290 3006 δν

442 3085 444 3092 1
549 3049 715 3126 κατατεμῶ
736 3053 839 3108 τοῖσιν
861 3040 999 3107 ἱππεῦσι
1021 3043 1220 3125 καττύματα,

352 3146 467 3230 quihus
482 3146 626 3213 versibus
642 3146 842 3213 comoediam
857 3146 1040 3231 significari,
1057 3166 1154 3229 quam
1166 3167 1358 3232 componere
1370 3154 1492 3232 poetae

350 3251 384 3316 in
417 3251 523 3318 animo
557 3251 607 3335 sit,
642 3257 842 3335 spectatores
870 3249 1034 3335 putavisse
1064 3249 1268 3316 manifestum
1297 3258 1356 3316 est.
1406 3251 1493 3319 Nam

351 3355 494 3439 ineptum
517 3354 638 3438 fuisset,
663 3355 690 3419 si
709 3354 935 3421 Achamenses
956 3353 1139 3419 carbonarii
1161 3353 1313 3420 Cleonem
1328 3353 1493 3438 equitibus

351 3458 384 3524 in
407 3459 513 3524 soleas
532 3479 567 3525 se
584 3465 789 3525 consecturos
806 3478 876 3525 esse
893 3458 1058 3543 dixissent,
1083 3459 1169 3541 quod
1185 3458 1239 3542 qui
1253 3458 1322 3524 fieri
1338 3460 1492 3544 potuerit,

351 3563 436 3628 nullo
467 3562 561 3629 modo
589 3582 717 3646 prorsus
738 3561 935 3645 intelligitur.
980 3561 1075 3627 Adde
1099 3562 1186 3644 quod
1206 3561 1434 3628 Acharnenses
1457 3569 1494 3628 ut

353 3666 452 3731 Cleon
474 3666 521 3731 ita
543 3666 604 3750 ipsi
625 3686 747 3732 summa
762 3666 839 3732 belli
855 3665 989 3749 gerendi
1005 3664 1183 3749 cupiditate
1198 3665 1393 3750 flagrabant,
1418 3687 1493 3732 cum

353 3770 477 3852 equites
506 3770 575 3836 fere
603 3790 713 3836 omnes
740 3769 831 3854 pacis
860 3776 968 3836 essent
990 3768 1209 3853 amantissimi,
1239 3790 1335 3853 quam
1358 3769 1493 3836 obrem

351 3873 401 3939 his
434 3874 593 3959 opitulari,
627 3874 674 3939 illi
706 3894 822 3940 nocere
856 3873 985 3939 minime
1018 3879 1147 3958 poterat
1180 3893 1289 3938 eorum
1321 3872 1491 3940 interesse.

351 3979 466 4060 ltaque
494 3977 676 4044 necessario
705 3977 789 4043 hacc
811 3978 912 4043 verba
936 3997 977 4042 ex
999 3983 1127 4062 poetae,
1158 3997 1221 4042 nou
1244 3997 1286 4042 ex
1308 3976 1399 4042 chori
1420 3997 1493 4043 sen·

351 4082 454 4148 tentia
476 4081 668 4166 accipienda
683 4086 765 4146 sunt.
796 4079 998 4147 Callistratus
1014 4086 1123 4145 autem
1137 4079 1372 4164 Acharnenses,
1397 4083 1493 4163 quasi

351 4204 410 4250 sua
427 4191 513 4250 esset
526 4184 648 4270 fabula,
673 4182 796 4266 docuit3
820 4182 1022 4248 Callistratus
1038 4203 1116 4266 ergo
1132 4182 1217 4248 hanc
1231 4201 1349 4248 novam
1365 4203 1493 4252 comoe-

352 4288 439 4354 diam
461 4309 496 4354 se
520 4288 667 4354 daturum
690 4308 761 4354 esse
783 4307 842 4371 per
865 4286 996 4352 chorum
1018 4287 1137 4371 populo
1152 4285 1306 4371 promisit.
1337 4287 1492 4356 Proiecto

351 4393 436 4458 nullo
460 4391 523 4457 alio
547 4411 642 4458 sensu
663 4394 765 4460 verba
786 4389 923 4474 intelligi
945 4395 1094 4475 poterant
1113 4390 1146 4456 in
1161 4390 1288 4456 theatro
1302 4411 1409 4475 neque
1424 4393 1492 4458 ullo

351 4495 416 4562 alio
439 4497 481 4562 ab
496 4494 710 4581 Aristophane
734 4495 855 4580 scripta
877 4501 959 4578 sunt,
984 4515 1064 4579 cnm,
1089 4513 1310 4578 quaecumque
1333 4494 1375 4561 de
1392 4503 1492 4580 poeta
