3140 5266
541 371 751 435 ..51-

87 558 263 641 δλυμπιάδι
285 559 347 622 ἔτει
370 558 505 646 δευτέρῳ
527 559 572 633 είς
588 559 731 644 Λήναια·
755 559 808 621 καί
829 557 918 624 ἐνίκα
933 563 1077 646 πρῶτος·
1105 556 1215 622 otta-

86 661 172 747 νίδης
199 663 375 748 Προάγωνι
409 662 573 750 δεύτερος,
608 663 742 730 Λεύκων
768 667 924 750 Πρέσβεσι
959 669 1073 750 τρίτος.
1124 663 1218 741 Quod

85 768 183 832 verba
216 765 273 829 διὰ
304 766 488 832 Φιλωνίδου
521 768 612 833 uncis
645 767 783 852 saepsit,
817 789 902 834 nunc
936 769 1055 834 omitto.
1108 769 1219 852 Nuper

86 869 180 936 etiam
202 871 272 936 Leo
295 871 328 936 in
350 872 429 936 Mus.
454 872 599 938 Rhenan,
623 873 685 938 vol.
710 873 761 938 33.
785 893 861 956 pag.
885 873 950 938 404
972 873 1129 938 audacter
1152 871 1219 954 egit

86 995 154 1038 eum
186 974 249 1039 hac
280 974 469 1058 didascalia,
505 976 558 1058 qui
585 975 729 1042 similiter
758 976 922 1061 scriberet,
958 997 1152 1059 quamquam
1178 997 1219 1040 ne

86 1079 180 1144 verbo
215 1078 345 1161 quidem
371 1079 535 1146 Peterseni
569 1080 785 1146 coniecturam
814 1080 936 1162 attigit:
971 1079 1138 1164 ἐδιδάχθη
1163 1079 1220 1142 ἐπὶ

85 1185 240 1268 ἄρχοντος
275 1184 437 1266 Ἀμεινίου
472 1182 528 1246 διὰ
564 1183 749 1248 Φιλωνίδου
786 1186 831 1258 είς
864 1184 1007 1269 Λήναια·
1045 1185 1098 1247 καί
1132 1183 1221 1248 ἐνίκα

87 1291 229 1374 πρῶτος·
260 1287 408 1372 δεύτερος
429 1287 468 1372 ἦν
494 1287 675 1372 Φιλωνίδης
698 1287 883 1373 Προάγωνι,
907 1287 1042 1352 Λεύκων
1067 1291 1222 1374 Πρέσβεσι

86 1396 198 1476 τρίτος.
246 1391 340 1477 ,Und
362 1391 414 1456 ich
438 1391 492 1456 bin
514 1392 614 1474 vbllig
636 1392 822 1477 uberzeugt,
845 1392 958 1476 inquit,
983 1391 1058 1457 dass
1081 1392 1139 1456 wir
1165 1391 1225 1457 auf

87 1495 205 1560 diesem
233 1494 480 1560 mechanischen
504 1494 607 1578 Wege
631 1495 702 1560 eine
726 1515 807 1562 neue
831 1495 1018 1561 Thatsache
1041 1515 1222 1578 gewonncn

86 1598 206 1664 beben:
230 1599 463 1683 Aristophanes
485 1599 542 1664 hat
563 1599 621 1664 mit
643 1599 706 1664 den
722 1599 864 1683 Wespen
886 1599 975 1664 nicht
996 1599 1059 1664 den
1075 1598 1221 1683 aweiten,

86 1702 222 1768 sondern
251 1703 313 1768 den
341 1709 447 1768 ersten
469 1702 559 1768 Preis
583 1703 771 1785 errungen‚“
817 1702 895 1767 Mihi
919 1703 1048 1786 quidem
1070 1723 1133 1767 non
1156 1709 1223 1768 tam

86 1827 273 1890 persuasum
305 1812 354 1872 est
381 1827 478 1890 quam
508 1806 620 1891 Leoni,
655 1813 753 1891 atque
784 1807 837 1872 hie
867 1827 994 1891 quoque
1016 1808 1133 1873 vellem
1156 1813 1223 1872 tam

87 1909 223 1993 gloriose
253 1911 377 1976 locutus
407 1932 470 1975 non
500 1917 594 1976 esset.
640 1911 767 1976 Etenim
790 1911 877 1994 quod
899 1911 931 1975 in
954 1911 1017 1976 hac
1041 1910 1223 1976 didascalia

12 2037 13 2042 ¹
87 2036 201 2080 nomen
230 2014 305 2082 festi
331 2014 469 2100 positum
499 2021 548 2080 est
577 2021 651 2099 post
678 2015 875 2082 notationem
902 2015 974 2100 loci,
1004 2037 1099 2100 quern
1125 2021 1224 2102 poeta

87 2119 231 2204 obtinuit,
256 2140 327 2186 cum
350 2119 382 2184 in
405 2118 477 2184 aliis
499 2119 651 2185 iudicium
674 2120 856 2186 certaminis
872 2127 987 2204 postea
1001 2122 1138 2205 legatur,
1161 2120 1224 2185 hae

87 2246 119 2290 re
143 2224 294 2306 equidem
316 2243 380 2289 non
402 2224 579 2308 perturbor,
604 2224 754 2308 quoniam
774 2223 975 2306 grammatici
992 2225 1096 2308 priseo
1113 2224 1224 2290 ordine

89 2327 286 2394 didascalica
313 2349 377 2392 non
403 2328 613 2412 seripserunt:
645 2349 684 2393 ne
708 2328 793 2393 duae
817 2327 946 2410 quidem
969 2333 1120 2394 accurate
1144 2328 1226 2393 inter

88 2451 121 2496 se
145 2437 335 2513 congruunt.
380 2430 484 2508 Quam
507 2432 547 2497 ob
571 2451 639 2496 rem
661 2431 740 2516 Leo,
764 2431 791 2496 si
815 2432 914 2497 verba
938 2430 1086 2518 δεύτερος
1107 2431 1146 2516 ἦν
1168 2451 1225 2496 suo

88 2537 159 2601 loeo
193 2534 376 2616 reliquisset
408 2555 513 2616 neque
548 2535 591 2599 ad
621 2534 786 2600 arbitrium
815 2535 1079 2618 transposuisset,
1114 2535 1226 2599 melius

88 2638 228 2704 fecisset.
259 2637 409 2704 Profecto
426 2658 487 2720 ego
504 2659 524 2704 a
540 2638 598 2702 tali
617 2637 688 2704 ‘via
703 2638 908 2704 mechanica'
924 2657 1052 2723 prorsus
1068 2637 1226 2703 abhorreo

13 2793 14 2812 ι
88 2763 193 2825 neque
223 2742 472 2808 didascaliarum
495 2741 721 2807 auctoritatem
743 2741 803 2806 nisi
827 2742 911 2808 veris
935 2749 968 2808 et
990 2742 1081 2807 iustis
1105 2742 1227 2807 caussis

88 2853 252 2930 permotus
276 2846 390 2928 frango
413 2853 469 2912 aut
492 2851 660 2912 contemno
670 2849 702 2928 ¹).

175 2971 290 3052 ltaque
313 2968 474 3051 Proagoni
496 2968 628 3034 fabulae
651 2968 862 3034 Philonideae
885 2967 1092 3034 succubuisse
1108 2967 1227 3032 Aristo-

14 3113 15 3116 =
89 3075 252 3158 phaneam
274 3095 315 3138 ex
331 3073 509 3157 Vesparum
533 3072 713 3138 didascalia
736 3093 935 3154 consequens
958 3079 1016 3156 est,
1041 3070 1127 3154 quod
1149 3092 1227 3136 sane

89 3179 202 3242 mirum
233 3197 304 3242 esse
332 3176 478 3241 diximus.
529 3177 643 3260 Neque
672 3183 781 3242 tamen
807 3177 841 3241 id
869 3178 941 3242 volo
969 3197 1125 3261 premere,
1157 3197 1229 3240 cum

89 3282 189 3347 etiam
211 3281 326 3344 Avium
355 3280 531 3364 comoedia,
564 3301 628 3364 qua
650 3281 828 3346 nulla'fere
851 3280 965 3345 bellior
987 3287 1044 3344 aut
1067 3279 1229 3346 venustior

89 3405 162 3448 esse
177 3382 291 3467 potuit,
315 3383 421 3467 pusilli
437 3383 602 3468 Amipsiae
618 3383 919 3465 Comissatoribus2)
939 3383 1070 3448 inferior
1085 3382 1230 3447 iudicata
1277 3405 1279 3409 ’

15 3495 16 3500 ’
88 3488 139 3553 sit.
186 3486 326 3554 Nubium
347 3487 460 3552 fabula
483 3488 568 3571 quod
593 3488 719 3572 cecidit,
745 3494 834 3553 certa
850 3487 1003 3552 videlicet
1019 3507 1135 3552 caussa
1150 3485 1227 3551 fuit:

88 3591 242 3657 materies
269 3591 330 3656 fuit
357 3592 409 3656 vel
438 3598 659 3674 argumentum
691 3590 887 3675 comoediae,
924 3591 1010 3674 quod
1037 3595 1145 3675 poeta,
1176 3589 1229 3673 qui

165 3817 185 3887 ¹)
209 3818 253 3873 Ne
275 3817 324 3871 illa
350 3818 464 3887 quidem
486 3817 576 3873 verba
599 3818 628 3870 ἐν
651 3817 684 3888 τῇ
707 3819 754 3869 ηδ’
777 3815 935 3884 ὀλυμπιάδι,
964 3833 1037 3886 quae
1060 3816 1120 3870 Leo
1144 3815 1230 3883 plane

90 3906 188 3973 eiecit,
215 3903 382 3958 Dindorfius
414 3909 443 3957 et
475 3903 525 3956 alii
555 3904 635 3957 uncis
663 3903 849 3969 secluserunt,
878 3917 1052 3971 expungam
1083 3919 1149 3954 nam
1177 3901 1232 3954 etsi

90 3993 189 4062 prisca
216 4009 251 4046 ea
277 4009 335 4044 non
361 4007 422 4044 csse
450 3996 559 4044 certum
587 3995 639 4056 cst,
667 3995 764 4042 tamen
787 3989 883 4042 nescio
909 4005 946 4042 an
969 3990 1024 4041 iarn
1044 3987 1231 4040 Alexandrini

17 4059 18 4132 J
90 4079 271 4149 grammatici
292 4095 382 4132 annos
401 4076 595 4146 olympiadum
615 4074 781 4129 didascaliis
801 4074 995 4143 ascripserint,
1015 4091 1103 4142 quare
1117 4090 1174 4126 non
1188 4078 1232 4126 cst

17 4171 18 4222 7
92 4165 171 4235 quod
192 4164 264 4216 talia
282 4163 405 4216 delenda
424 4181 486 4216 esse
506 4179 681 4217 censeamus.

163 4267 185 4334 ²)
209 4265 240 4320 Si
264 4267 379 4335 quidem
404 4265 460 4320 fuit
483 4267 554 4320 haec
574 4265 721 4334 Amipsiae
746 4264 854 4318 fabula.
891 4263 965 4317 Vide
989 4279 1032 4328 ea,
1061 4279 1134 4330 quae
1156 4261 1232 4314 infra

93 4354 296 4408 annotavimus
315 4371 380 4422 pag.
399 4355 440 4406 56.
477 4352 534 4407 Sed
554 4354 615 4408 sive
637 4351 784 4420 Amipsiae
803 4349 859 4402 fuit
877 4366 927 4402 seu
946 4346 1103 4415 Phrynichi
1123 4362 1232 4398 comoe-

93 4443 156 4494 dia:
185 4446 262 4494 certe
287 4439 495 4508 Aristophanes
522 4437 653 4491 inferiori
679 4442 784 4504 poetae
814 4435 996 4504 posthabitus
1025 4439 1078 4497 est,
1106 4449 1168 4484 cum
1196 4448 1232 4482 ne

94 4526 278 4596 Phrynichus
298 4525 410 4595 quidem
430 4524 618 4594 Aristophani
636 4539 689 4591 par·
708 4529 792 4575 esset.

990 4607 1022 4658 43
