3140 5266
595 295 803 360 ..39-

234 485 303 546 aira
326 484 470 569 προστὰς
492 483 576 568 πρὸς
598 484 656 550 τὸν
677 483 856 571 ἀνδριάντα
879 485 938 550 τόν
961 485 1150 561 Πανδίονος

234 586 321 652 εἶδεν
343 587 447 656 αὐτόν
468 587 534 652 κτλ.

15 673 17 751 J
124 689 238 756 Civem
266 690 495 758 Atheniensem
528 697 624 758 vocat
651 691 898 777 Aristophanem
926 693 1025 760 etiam
1051 694 1153 761 Anon.
1186 695 1262 782 περὶ

123 815 204 875 xmp.
228 795 294 860 III:
322 794 560 881 Ἀριστοφάνης
586 793 758 860 Φιλίππου
780 796 972 880 Ἀθηναῖος,
999 818 1104 881 neque
1127 798 1262 865 aliorum

123 895 266 981 ineptias
285 898 437 984 respexit

211 1003 328 1084 Itaque
368 1002 518 1085 quoniam
551 1021 645 1068 verus
679 1002 758 1068 oivis
790 1002 996 1070 Atheniensis
1029 1003 1261 1090 Aristophanes

124 1103 194 1188 fuit,
218 1105 410 1189 quibusnam
432 1105 629 1188 argumentis
650 1105 738 1172 nisus
761 1113 795 1172 et
817 1106 954 1174 oonfisus
970 1108 1069 1175 Cleon
1088 1109 1263 1193 peregrini-

14 1277 15 1280 ,
125 1208 202 1274 tatis
236 1229 326 1276 reum
359 1229 431 1276 eum
464 1208 581 1276 feoisse
615 1208 736 1274 fertur?
774 1208 828 1283 Ὡς
856 1213 949 1286 ξένον
977 1209 1014 1274 dt
1040 1211 1142 1276 αἰτόν
1164 1211 1261 1292 tiara,

126 1311 221 1378 Vitae
254 1312 391 1397 scriptor
423 1311 536 1396 inquit,
571 1311 722 1398 παρόσον
755 1309 786 1375 οἰ
818 1312 878 1396 μὲν
911 1313 1013 1380 αὐτόν
1046 1331 1147 1399 φασιν
1179 1317 1262 1380 εἰναι

125 1414 253 1480 Ῥόδιον
280 1415 350 1480 ἀπὸ
377 1415 520 1491 Λίνδον,
549 1411 580 1480 οἳ
608 1414 644 1479 δὲ
671 1416 862 1501 Αἰγινήτην,
892 1417 1123 1501 στοχαζόμενοι
1148 1418 1183 1484 ἐκ
1204 1425 1264 1484 τοῦ

127 1519 281 1586 πλείστον
308 1519 428 1605 χρόνον
454 1522 512 1594 τὰς
540 1519 709 1606 διατριβὰς
736 1524 908 1586 ποιεῖσθαι
930 1521 1064 1598 αὐτόθι,
1093 1523 1188 1608 ἢ,καί
1211 1525 1263 1590 ὅτι

14 1649 15 1652 ’
125 1622 269 1707 ἐκέκτητο
292 1622 398 1690 duetus
443 1624 526 1688 κατὰ
547 1624 637 1698 τινὰς
660 1623 708 1698 δέ,
738 1623 781 1698 ὥς
804 1627 853 1688 ὅτι
876 1626 894 1688 ὁ
920 1626 1026 1712 πατήρ
1049 1627 1153 1692 adseri
1179 1627 1261 1692 Φίλ-

13 1721 14 1730 ’
125 1749 231 1802 ιππος
262 1726 447 1812 Αἰγινήτης.
505 1725 590 1805 Quid
618 1726 713 1793 Vitae
741 1727 878 1812 scriptor
906 1727 947 1794 de
977 1727 1027 1795 his
1056 1729 1259 1816 opinionibus

123 1831 268 1915 senserit,
304 1852 346 1898 ex
375 1852 414 1898 eo
441 1831 519 1898 lieet
548 1831 750 1914 eoneludere,
781 1832 866 1914 quod
893 1832 983 1898 initio
1012 1833 1261 1919 Aristophanem

124 1935 227 2002 ciuem
249 1933 478 2004 Atheniensem
501 1933 598 2002 fuisse
623 1933 783 2019 expressis
805 1934 912 2000 verbis
935 1935 1025 2002 dixit.
1075 1937 1118 2002 Et
1140 1957 1198 2004 uos
1220 1959 1262 2004 ex

124 2039 229 2106 animo
264 2040 295 2106 ei
327 2039 527 2108 assentimur.
577 2039 661 2106 Nam
694 2038 802 2105 omnia
829 2039 905 2105 fieta
933 2044 965 2106 et
996 2047 1176 2108 commenta
1205 2049 1262 2110 aut

124 2143 295 2212 manifesto
318 2164 425 2211 errore
448 2149 519 2209 orta
542 2161 613 2208 esse
636 2143 680 2208 ad
702 2141 945 2226 intelligendum
967 2164 1030 2209 nou
1053 2151 1103 2212 est
1118 2145 1259 2213 difficile.

124 2247 216 2326 Quod
240 2248 324 2314 enim
347 2248 388 2313 de
402 2247 530 2330 Aegina
550 2247 759 2331 protulerunt,
783 2267 824 2311 ex
838 2246 1092 2314 Aehamensium
1108 2250 1261 2333 parabasi

123 2371 293 2436 perperam
315 2352 523 2434 oollegeruut,
547 2369 642 2432 quern
665 2369 803 2416 errorem
826 2349 890 2416 iam
912 2350 1090 2418 invenimus
1112 2352 1145 2417 in
1160 2353 1258 2420 sohol.

123 2455 166 2522 ad
186 2454 328 2522 Aeharn.
352 2475 398 2520 vs.
416 2455 496 2520 654:
523 2452 676 2518 drasidas
698 2452 780 2526 τινὲς
802 2453 991 2536 νομίζουσιν
1012 2454 1047 2521 ἐν
1063 2456 1182 2542 Αἰγίνη
1204 2458 1261 2532 τὰς
1391 2445 1395 2452 ’

122 2557 295 2646 κωμῳδίας
338 2568 447 2622 ποιεῖν
483 2556 540 2621 τὸν
575 2555 821 2643 Ἀριστοφάνην,
866 2555 923 2622 διὰ
959 2558 996 2621 τὸ
1032 2557 1261 2643 ἐπενηνοχέναι

122 2663 239 2728 αὐτόν·
349 2671 420 2736 ταίς
449 2659 619 2744 ἀληθείαις
644 2657 688 2734 εἰς
711 2658 750 2744 ήν
772 2664 836 2724 τῶν
858 2659 893 2724 ἐν
914 2665 951 2748 τή
973 2660 1058 2748 νήσῳ
1080 2662 1260 2748 κληρουχη-

123 2767 258 2836 σάντων.
288 2767 358 2832 Iam
379 2764 563 2850 opinionum
585 2763 743 2830 varietate
768 2771 855 2830 oerto
879 2765 1033 2848 probatur
1047 2765 1126 2831 nihil
1142 2766 1183 2832 de
1198 2767 1262 2834 hae

122 2893 156 2936 re
178 2869 331 2937 traditum
354 2869 462 2953 fuisse,
485 2869 545 2935 sed
567 2868 795 2952 grammaticos
818 2868 899 2934 alios
922 2869 1010 2936 aliud
1033 2870 1077 2936 ad
1096 2868 1261 2938 arbitrium

123 2975 302 3060 suspioatos
335 2993 416 3040 esse.
472 2975 587 3056 Itaque
621 2972 677 3038 alii
711 2978 836 3057 patrem
865 2972 920 3038 alii
947 2972 1045 3039 filium
1067 2973 1261 3057 Aeginetam

124 3078 220 3146 tuisse
250 3077 414 3159 dixerunt,
449 3077 505 3142 alii
535 3076 720 3142 comoedias
750 3099 771 3142 a
803 3083 901 3161 poeta
931 3076 964 3141 in
991 3077 1096 3144 insula
1123 3078 1261 3165 scriptas

123 3198 192 3250 esse
216 3181 436 3264 coniecerunt,
460 3180 516 3246 alii
539 3180 686 3246 oolouum
709 3200 781 3244 eum
803 3179 901 3246 fuisse
925 3186 1128 3264 putaverunt.

207 3285 276 3351 Sed
305 3284 403 3350 etiam
426 3283 586 3350 Rhodium
614 3283 775 3350 hominem
796 3283 1044 3368 Aristophanem
1071 3285 1169 3352 fuisse
1197 3308 1259 3353 non

123 3389 266 3472 deerant,
290 3389 344 3470 qui
367 3388 542 3472 traderent,
566 3388 652 3472 quod
671 3408 711 3454 ne
730 3387 801 3471 quis
817 3388 929 3454 eredat
943 3409 1007 3454 non
1023 3409 1144 3456 vereor.
1176 3392 1259 3459 Nam

122 3493 217 3562 etde
240 3491 355 3558 Rhodo
384 3493 511 3558 variant
533 3498 643 3575 testes,
673 3512 744 3557 ourn
767 3491 823 3557 alii
845 3491 993 3576 Lindum,
1022 3494 1161 3576 quaein
1185 3495 1260 3562 Vita

121 3597 267 3681 oeeurrit,
297 3597 353 3662 alii
376 3597 536 3665 Gamimm
565 3597 703 3682 patriam
729 3595 955 3680 Aristophanis
982 3596 1080 3664 titisse
1110 3598 1257 3682 prodant.

121 3701 274 3785 Legimus
307 3701 392 3766 enim
425 3701 508 3766 haee
541 3701 629 3785 apud
659 3700 805 3768 Suidam:
845 3700 1101 3786 Ἀριστοφάνης,
1135 3701 1259 3777 Ῥόδιος

120 3807 189 3889 ήτοι
222 3803 375 3878 Λίνδιος·
414 3800 445 3868 οἳ
480 3802 516 3867 δὲ
550 3804 738 3883 Αἰγύπτιον
771 3806 913 3888 ἔφασαν·
952 3801 983 3868 οἳ
1018 3804 1054 3869 δὲ
1079 3809 1257 3892 Καμειρέα·

120 3912 209 3972 θέσει
239 3907 275 3971 δὲ
304 3908 501 3992 Ἀθηναῖος·
535 3907 829 3993 ἐπολιτογραφήθη
856 3908 918 3993 γὰρ
947 3907 1027 3994 παρ’
1050 3909 1161 3985 αὐτοῖς
1190 3910 1256 3975 κτλ.

119 4013 189 4078 Ηοο
223 4011 362 4096 quidem,
397 4012 484 4095 quod
519 4011 651 4078 civitate
685 4017 815 4096 poetam
849 4011 1003 4078 donatum
1037 4031 1108 4078 esse
1139 4014 1257 4080 Suidas

120 4116 245 4200 scribit,
283 4137 303 4182 a
337 4115 547 4198 grammatico
582 4115 661 4181 satis
693 4114 816 4180 reoenti
853 4122 1065 4183 commentum
1098 4136 1168 4182 esse
1175 4167 1184 4201 ,
1222 4124 1289 4184 ut·

120 4219 370 4304 disorepantiam
391 4218 565 4284 memoriae
581 4220 717 4300 tolleret,
741 4218 944 4286 manifestum
960 4225 1018 4285 est.
1050 4219 1157 4298 Quare
1172 4221 1258 4288 haee

119 4325 219 4392 verba
245 4323 354 4406 magni
381 4322 532 4390 momenti
559 4341 623 4388 non
650 4321 745 4388 faeie.
796 4322 992 4407 Aegyptium
1014 4344 1101 4407 vero,
1132 4324 1257 4392 scilieet

119 4427 274 4499 Naucrati
307 4433 423 4511 ortum,
457 4426 706 4511 Aristophanem
739 4426 837 4494 t'uisse
871 4427 1004 4494 tradidit
1034 4428 1131 4496 etiam
1157 4429 1255 4500 Athe-
