3140 5266
586 331 814 421 -sof

117 522 205 587 tales
238 525 488 588 consentaneum
521 521 570 584 est
599 542 620 584 a
647 527 745 603 poeta
771 520 914 604 inprimis
952 525 1154 586 enumeratos
1189 539 1259 585 esso

118 626 248 692 invidos
280 634 314 691 et
348 624 504 707 aemulos,
540 644 618 706 quos
651 623 728 689 licet
761 625 928 708 appellare
963 623 1108 690 versibus
1141 623 1260 688 Aristo-

119 730 258 814 phaneis
280 731 361 794 Ran.
380 729 421 794 92
444 747 530 810 sqq:

320 830 531 915 ἐπιφυλλίδες
553 831 643 894 ταῦτ’
665 829 730 892 ἐστὶ
754 831 806 894 καὶ
830 830 1059 913 στωμύλματα,

322 934 500 1016 χελιδόνων
521 944 669 1016 μουσεῖα,
692 934 832 1018 λωβηταὶ
856 938 980 1019 τέχνης,

323 1043 345 1100 a
368 1038 499 1124 φροῦδα
523 1043 660 1113 θᾶττον,
688 1042 727 1122 ἢν
748 1038 853 1121 μόνον
876 1039 975 1124 χορὸν
995 1039 1090 1124 λάβῃ,

323 1146 414 1220 ἅπαξ
436 1141 707 1228 προσουρήσαντα
729 1147 766 1229 τῇ
789 1141 1005 1228 τρυγοιδίᾳ,

121 1254 155 1312 et
184 1268 263 1330 quos
292 1247 411 1332 posteri
440 1247 582 1313 homines
611 1252 709 1329 atque
740 1247 876 1312 fortasse
905 1247 1060 1330 aequales
1082 1267 1145 1310 non
1168 1244 1260 1309 flooei

121 1351 278 1417 fecerunt.
316 1351 408 1430 Quod
431 1350 662 1435 Aristophanes
684 1351 776 1416 simul
800 1349 979 1415 nominatus
1002 1356 1051 1414 est
1073 1349 1156 1414 inter
1178 1348 1260 1412 haee

122 1454 211 1520 bella
238 1476 344 1539 poma,
379 1455 499 1518 factum
536 1459 594 1536 est,
630 1453 705 1536 quia
733 1453 893 1537 privatum
921 1473 992 1518 cum
1021 1452 1083 1517 hoc
1109 1450 1260 1535 Eupolidi

101 1559 231 1623 ‘odium
264 1557 333 1624 fnit.
386 1556 550 1622 Eiusmodi
579 1556 735 1640 convicia,
764 1577 848 1638 quae
877 1556 965 1621 haud
996 1555 1093 1621 dubie
1123 1555 1165 1620 ab
1189 1553 1260 1618 aliis

123 1683 251 1744 quoque
285 1662 318 1726 in
350 1661 598 1745 Aristophanem
631 1660 845 1745 iaciebantur,
880 1661 912 1728 in
940 1660 1079 1727 Nubium
1107 1657 1260 1743 parabasi

123 1772 223 1849 poeta
245 1765 372 1831 videtur
395 1765 587 1848 respexisse,
610 1785 656 1830 vs.
674 1767 753 1830 540:

423 1869 495 1933 οὔδ’
519 1871 645 1954 ἔσκωψε
667 1871 743 1944 τους
767 1870 966 1957 φαλακρούς,

123 1995 208 2056 quae
243 1973 343 2040 verba
373 1981 445 2058 post
474 1975 614 2040 Auream
642 1976 792 2041 Aetatem
823 1982 921 2059 certo,
957 1976 1033 2059 quin
1061 1975 1157 2040 etiam
1189 1980 1262 2059 post

122 2079 251 2164 Baptas
285 2078 422 2144 fortasse
449 2079 570 2163 scripta
598 2086 680 2144 sunt.
725 2081 832 2164 Atque
860 2080 945 2146 idem
976 2080 1036 2147 sibi
1067 2079 1201 2164 arripnit
1228 2079 1261 2143 in

124 2185 212 2248 Pace
241 2203 276 2248 se
303 2183 373 2267 ipse
405 2185 532 2250 calvum
555 2205 674 2248 vocans
697 2205 755 2268 per
778 2185 892 2268 iocum,
922 2205 1016 2267 quem
1039 2185 1143 2249 iocum
1166 2182 1261 2248 amici

124 2289 263 2353 fortasse
287 2288 319 2352 in
342 2287 416 2352 vino
439 2289 587 2354 solebant
603 2289 757 2371 proferre.
787 2289 871 2355 Nam
887 2269 1261 2372 revera'Aristophanem

123 2392 368 2457 adulescentem
395 2390 525 2456 calvitio
549 2390 647 2457 fuisse
671 2391 852 2474 praeditum
874 2413 937 2458 non
960 2411 1089 2476 possum
1113 2390 1260 2456 credere:

122 2496 263 2560 frontem
285 2494 399 2560 habuit
421 2494 576 2577 altiorem,
601 2515 697 2577 quam
720 2495 853 2579 Eupolis
877 2495 1001 2562 comica
1022 2515 1098 2560 usus
1121 2515 1262 2578 exagge-

122 2599 250 2664 ratione
275 2598 438 2677 calvitium
462 2597 610 2664 vooabat.
657 2600 727 2664 Hoc
749 2599 894 2664 indicant
916 2599 1016 2684 ipsius
1039 2597 1263 2682 Aristophanis

122 2704 227 2768 verba
250 2703 270 2769 l.
294 2704 330 2767 l.:

440 2788 669 2868 γενναιοτάτου
693 2793 756 2852 τῶν
778 2794 924 2872 ποιητῶν

440 2893 562 2979 ἀνδρὸς
584 2895 620 2958 τὸ
642 2898 795 2977 μέτωπον
818 2895 957 2975 ἔχοντος.

124 3019 233 3100 Atque
257 3018 319 3084 hoo
342 3025 376 3083 ut
399 3019 579 3102 probarem,
604 3020 712 3103 paullo
736 3017 861 3100 longius
884 3017 967 3084 abii:
992 3035 1102 3082 omnes
1125 3013 1208 3081 enim
1231 3020 1265 3079 et

125 3121 329 3203 antiquorum
339 3124 362 3200 ¹)
396 3131 429 3187 et
463 3129 639 3187 nostrornm
669 3129 846 3205 temporum
874 3121 934 3187 viri
962 3120 1049 3186 docti
1076 3119 1117 3184 de
1144 3117 1263 3183 Aristo-

126 3223 236 3308 phane
264 3226 357 3290 ealvo
381 3225 575 3308 fabulantur,
605 3246 640 3290 re
663 3245 836 3306 numquam
859 3223 966 3289 adhue
988 3223 1021 3287 in
1044 3221 1264 3305 quaestionem

124 3333 245 3394 vocata
284 3327 393 3393 confisi
433 3335 553 3395 temere
591 3329 691 3413 ipsius
728 3335 845 3413 poetae
878 3327 1069 3393 testimonio.
1126 3327 1263 3392 Exstant

126 3437 300 3516 praeterea
323 3432 386 3497 duo
408 3432 481 3516 loci,
505 3432 537 3496 in
561 3432 676 3513 quibus
698 3439 828 3517 poetam
852 3432 1016 3497 calvitium
1038 3451 1128 3495 suum
1150 3429 1263 3495 lusisse

126 3541 252 3620 putant,
287 3537 367 3618 Equ.
392 3557 438 3602 vs.
463 3538 527 3602 550
554 3543 586 3601 et
615 3537 697 3604 Nuh.
723 3557 768 3601 vs.
793 3538 866 3602 545.
912 3536 1025 3617 Neque
1048 3554 1124 3599 vero
1148 3554 1205 3618 per
1227 3554 1262 3599 se

125 3639 160 3704 hi
193 3660 304 3704 versus
337 3640 508 3724 quicquam
542 3640 680 3724 probare
715 3645 856 3725 possunt.
912 3641 981 3703 Iam
1015 3637 1185 3703 redeamus
1219 3638 1263 3702 ad

125 3745 365 3829 proposituml).

199 3954 217 4019 ¹]
240 3949 335 4006 Schol.
354 3952 392 4004 ad
411 3951 486 4004 Plat.
506 3949 591 4020 Apol.
615 3966 682 4019 pag.
704 3950 733 4003 19
752 3948 785 4002 C:
812 3947 1004 4019 Ἀριστοφάνης
1028 3947 1041 3997 ὅ
1061 3947 1263 4016 κωμῳδιοποιος

126 4039 262 4110 φαλακρὸς
282 4034 321 4102 ἦν,
347 4038 382 4099 ὥς
403 4042 446 4090 καὶ
467 4035 548 4097 αὐτός
570 4055 654 4105 φησιν
674 4039 783 4108 Εἰρήνῃ.
824 4033 920 4090 Schol.
939 4035 976 4087 ad
995 4034 1044 4086 Ar.
1063 4034 1132 4087 Pae.
1151 4053 1191 4087 vs.
1204 4035 1263 4096 767.

195 4141 217 4209 2)
236 4142 373 4197 Consulto
393 4143 458 4196 silui
477 4144 512 4196 de
531 4143 628 4196 herma
649 4141 765 4212 duplici,
785 4141 834 4211 qui
853 4139 1038 4194 aWelckero
1057 4139 1094 4192 ad
1108 4138 1262 4192 Tusculum

126 4235 257 4298 repertus
276 4229 394 4283 Bonnae
413 4248 487 4283 nunc
507 4230 666 4283 collocatus
686 4234 737 4282 est.
774 4228 848 4282 Nam
868 4243 1040 4296 quamquam
1059 4225 1216 4278 Menandro
1231 4255 1263 4262 —

126 4316 151 4369 si
170 4315 284 4385 quidem
304 4322 359 4369 est:
384 4333 450 4369 nam
473 4316 542 4369 mihi
563 4334 608 4370 res
628 4333 684 4369 non
702 4315 818 4370 videtur
837 4320 895 4368 tam
914 4320 994 4367 certa
1013 4329 1180 4382 essequam
1200 4311 1263 4364 aliis

128 4407 179 4467 est,
199 4401 247 4471 qui
265 4400 452 4455 Menandrum
472 4408 551 4457 certo
572 4402 689 4471 agnosci
708 4401 819 4454 dicunt:
838 4401 888 4454 sed
907 4417 1051 4454 sumamus
1069 4413 1131 4452 essa
1148 4398 1263 4451 Menan-

128 4487 207 4540 drum
220 4518 253 4525 -
267 4505 446 4558 quamquam,
465 4489 590 4558 inquam,
609 4488 768 4542 Menandro
781 4486 1004 4557 Aristophanem
1023 4485 1187 4540 adiunctum
1201 4501 1262 4538 esse
