3140 5266
563 309 777 373 ...53-

18 569 19 602 η
187 494 591 580 Thesmophoriazusarum
624 497 768 562 fabulam
800 517 859 582 per
891 495 1093 562 Philonidem
1126 496 1237 561 datam

18 655 19 658 ,
95 618 172 663 esse
207 598 345 683 fuemnt‚
379 599 435 683 qui
467 621 508 665 ex
541 602 614 683 lege
647 601 705 664 illa
732 601 1015 683 grammatioornm
1044 599 1238 666 eenioerent.

18 725 19 802 ρ
95 702 176 766 Tali
200 703 385 768 coniectura
407 703 531 786 aliquid
551 704 661 788 profici
678 725 742 769 non
757 704 912 788 intelligo.
946 705 1031 772 Nam
1046 703 1240 788 comoedias,

94 805 130 868 in
168 807 285 888 quibus
317 807 489 892 Euripides
525 808 593 873 sive
627 809 732 890 magis
768 808 836 874 sive
874 809 977 874 minus
1010 809 1240 892 exagitaretur,

94 909 350 993 Aristophanem
378 911 538 976 Philonidi
571 912 744 976 tradidisse
778 911 822 977 ad
855 933 952 976 unam
978 932 1088 977 omnes
1117 933 1159 977 ex
1185 911 1241 976 illa

94 1012 175 1094 lege
206 1013 336 1079 efficere
358 1014 446 1080 stulti
469 1023 527 1098 est,
555 1035 660 1097 neque
683 1035 798 1080 vereor
818 1036 858 1080 ne
882 1015 1050 1098 quisquam
1072 1014 1107 1080 id
1129 1015 1241 1080 saciat

94 1118 218 1199 ltaque
248 1117 317 1182 fieri
345 1118 458 1202 potuit,
490 1125 524 1183 ut
553 1119 650 1183 etiam
679 1119 1029 1203 Thesmophoriazusas
1055 1119 1242 1184 Philonides

96 1220 246 1304 doceret,
268 1242 349 1305 opus
371 1243 433 1286 uon
455 1223 533 1288 luit:
560 1223 664 1307 potnit
686 1223 919 1307 Aristophanes
941 1223 1011 1308 ipse
1035 1223 1163 1308 dooere,
1186 1243 1242 1308 po

95 1325 162 1388 tuit
182 1323 369 1390 Callistrato
391 1326 488 1392 dare:
512 1347 642 1410 prorsus
663 1326 740 1390 nihil
764 1334 901 1393 eoustat.

192 1428 285 1505 Quod
315 1430 356 1496 de
384 1432 551 1497 comoedia
580 1431 709 1496 biennio
732 1416 810 1515 ‘post
838 1431 952 1496 Dioele
980 1429 1134 1496 archonte
1158 1453 1241 1498 oom-

18 1585 19 1624 ;
96 1531 203 1596 nrissa
236 1533 388 1599 certiores
421 1534 500 1599 faeti
534 1555 655 1618 sumus,
690 1534 750 1598 hoo
784 1534 939 1599 dehemus
972 1533 1166 1601 scholiastae
1197 1535 1241 1600 ad

18 1663 19 1678 ι
97 1638 188 1702 Plut.
219 1657 264 1702 vs.
289 1639 366 1702 173:
401 1637 501 1722 δῆλον
535 1638 571 1702 δὲ
604 1638 639 1701 ἐκ
670 1644 731 1702 τοῦ
762 1637 798 1702 ἐν
831 1639 967 1724 δευτέρῳ
1001 1642 1170 1724 φέρεσθαι,
1205 1641 1242 1713 δς

98 1743 240 1822 ἔσχατος
271 1740 436 1826 ἐδιδάχθη
469 1743 528 1806 r‘rr’
561 1744 664 1806 edwii
695 1745 827 1828 εἰκοστῷ
854 1745 915 1805 ἔτει
942 1745 1092 1828 ὕστερον·
1125 1745 1156 1806 el
1182 1742 1239 1828 μή,

18 1833 19 1894 s
99 1846 186 1929 ὅπερ
218 1844 314 1919 εἰκός,
351 1844 386 1907 ἐκ
418 1851 477 1909 τού
510 1845 661 1931 δευτέρου
697 1846 848 1910 Πλούτου
883 1852 978 1910 τοῦτο
1011 1847 1241 1932 μετενήνεκται.

98 1951 251 2032 Apparet
278 1970 320 2013 ex
347 1949 396 2014 his
422 1949 529 2016 verbis
556 1951 638 2015 duas
665 1949 890 2034 Aristophanis
917 1950 1101 2016 comoedias
1128 1950 1242 2016 doetas

100 2071 187 2135 esse,
216 2073 349 2135 quarum
379 2060 514 2136 utraque
537 2055 648 2119 Plutus
678 2061 749 2120 erat
775 2053 943 2138 inseripta3
974 2061 1072 2137 atque
1102 2073 1174 2120 oum
1197 2055 1242 2120 al-

18 2147 19 2194 t
98 2163 207 2222 teram
230 2178 315 2223 anno
330 2159 394 2224 388
415 2165 524 2223 τοίου]
539 2177 610 2224 esse
627 2157 808 2224 didasoalia
823 2165 956 2241 constet,
981 2159 1084 2222 altera
1100 2157 1242 2240 sequitur

18 2245 19 2252 λ
99 2267 139 2324 ut
173 2260 342 2326 eommissa
380 2261 421 2326 sit
455 2281 538 2326 anuo
566 2263 639 2328 408.
697 2262 767 2326 Ηοο
800 2261 910 2342 utique
945 2261 1149 2326 statuendum
1182 2268 1241 2345 est,

101 2384 300 2446 quamquam
332 2364 521 2430 scholiastes
553 2365 586 2428 iu
612 2365 817 2430 manifestum
844 2385 983 2430 errorem
1013 2364 1135 2449 insidit,
1170 2385 1242 2430 eum

101 2467 244 2550 priorem
266 2488 338 2533 esse
361 2469 534 2534 editionem
556 2475 695 2553 potaret,
724 2490 807 2552 quae
831 2467 891 2532 fnit
913 2467 1026 2534 altera.
1072 2469 1143 2533 Hoo
1165 2489 1242 2534 vero

102 2592 164 2654 per
197 2591 232 2636 se
261 2579 351 2656 patet
379 2594 419 2638 ex
449 2573 556 2638 indole
584 2594 624 2638 ao
653 2579 769 2638 natura
796 2572 927 2638 fabulae
951 2580 1111 2656 servatae,
1146 2592 1242 2654 quam

103 2674 159 2739 ille
183 2675 410 2759 interpretatus
433 2683 491 2758 est,
515 2683 612 2760 atque
636 2677 791 2760 probatur
813 2677 991 2741 luculenter
1012 2677 1067 2740 illo
1083 2676 1181 2741 sohel.
1199 2675 1243 2741 ad

104 2799 151 2844 vs.
173 2781 233 2844 173
256 2786 289 2844 et
311 2799 356 2845 vs.
375 2781 472 2845 1146:

289 2882 332 2967 μὴ
354 2884 599 2968 μνησικακήσῃς,
622 2886 651 2946 εἶ
672 2884 711 2948 σύ
739 2883 850 2968 Φυλὴν
871 2884 1054 2966 κατέλαβες,

105 2987 162 3051 nbi
189 2986 251 3050 hoo
279 2987 423 3051 scholion
449 2988 581 3069 legitur:
615 2987 699 3050 ἀλλὰ
725 2987 826 3050 ταῦτά
853 3011 889 3067 γε
917 2989 1011 3051 οὔπω
1041 2987 1241 3074 ἐπέπρακτο,

106 3089 187 3154 οὐδὲ
214 3090 256 3150 τὰ
276 3089 331 3152 ἐπὶ
359 3096 423 3154 τῶν
446 3091 617 3176 τριάκοντα
639 3090 701 3174 η’δη
724 3090 778 3175 ἦν·
890 3095 986 3153 τοῦτο
1011 3090 1070 3154 οὖν
1093 3091 1176 3154 ἔοικέ
1197 3113 1244 3163 τις

104 3195 140 3256 ἐκ
169 3199 229 3256 τοῦ
258 3193 408 3278 δευτέρου
432 3194 585 3258 Πλούτου
613 3194 808 3276 μετενεγκών
829 3193 952 3257 ἐνθάδε
975 3193 1167 3278 δλιγοιρῆσαι
1190 3197 1245 3278 τῆς

104 3297 242 3376 ἀλογίας
276 3298 405 3382 ταύτης,
438 3301 458 3382 η“
491 3299 543 3361 καὶ
578 3298 676 3371 αδτδς
710 3299 728 3360 ὁ
760 3298 895 3382 ποιητὴς
925 3300 1058 3384 ὕστερον
1085 3297 1243 3371 ἐνθεῖναι,

105 3400 195 3483 quod
218 3402 270 3466 vel
293 3400 430 3466 maxime
454 3402 561 3483 arguit
583 3400 778 3466 scholiastae
802 3422 950 3466 errorem.

195 3506 245 3570 De
272 3505 356 3570 Plnti
385 3505 499 3589 prioris
523 3505 672 3570 editionis
695 3510 884 3587 argumento
908 3505 939 3568 in
962 3504 1029 3587 tali,
1059 3503 1162 3586 qualis
1185 3510 1244 3587 est,

105 3607 314 3689 reliquiarum
348 3608 493 3672 exilitate
526 3608 605 3673 nihil
638 3614 744 3692 potest
778 3607 875 3672 statui
911 3607 999 3672 uerti.
1048 3607 1087 3672 Id
1116 3606 1244 3691 quidem

106 3712 185 3776 lieet
214 3712 442 3776 ooneludamus
469 3718 616 3776 naturam
643 3713 805 3794 utriusque
829 3711 959 3777 fabulae
984 3709 1143 3776 diversam
1167 3731 1245 3775 sane

108 3815 219 3898 fuisse,
248 3816 367 3900 quippo
397 3838 469 3881 oum
496 3816 609 3897 viginti
638 3836 791 3880 alanorum
819 3815 925 3899 spatio
949 3814 1051 3879 altera
1075 3815 1116 3879 ab
1140 3815 1243 3879 altera

108 3921 248 3985 abesset.
293 3921 406 3985 Utrum
432 3920 570 4004 priorem
592 3920 719 3983 Plutum
741 3918 972 4002 Aristophanes
1002 3917 1071 4001 ipso
1101 3916 1246 3983 doouorit

107 4046 152 4089 an
175 4024 358 4089 Callistrato
382 4024 449 4088 sive
472 4022 632 4087 Philonidi
655 4020 824 4086 tradiderit
847 4021 914 4085 erui
937 4041 999 4084 non
1023 4026 1138 4103 potest,
1171 4039 1242 4084 oum

110 4128 151 4192 de
174 4128 293 4193 haere
317 4127 517 4210 grammatici
541 4126 618 4191 nihil
642 4122 875 4192 annotaverint.

196 4231 409 4314 Pergentibus
429 4229 521 4295 nobis
537 4237 731 4314 postremum
746 4226 924 4298 obviamtit
939 4225 1133 4308 Philonides
1151 4246 1245 4307 quem

110 4336 251 4400 Lenaeis
284 4336 358 4399 anni
386 4337 449 4398 405
483 4335 593 4398 Rana-s
628 4332 775 4398 docuisse
809 4332 841 4395 in
876 4329 1055 4396 didascalia
1093 4328 1245 4411 legimus:

111 4439 275 4523 ἐδιδάχθη
298 4438 352 4501 ἐπὶ
378 4436 519 4502 Καλλίου
542 4439 600 4499 τοῦ
621 4436 701 4517 μετὰ
722 4437 888 4520 Ἀντιγένη
912 4433 968 4496 διὰ
995 4430 1178 4494 Φιλωνίδου
1201 4433 1246 4506 εἷς
