<?xml version="1.0" encoding="UTF-8"?>
<!DOCTYPE html PUBLIC "-//W3C//DTD XHTML 1.0 Transitional//EN"
    "http://www.w3.org/TR/xhtml1/DTD/xhtml1-transitional.dtd">
<html xmlns="http://www.w3.org/1999/xhtml" xml:lang="en" lang="en">
 <head>
  <title>
</title>
<meta http-equiv="Content-Type" content="text/html;charset=utf-8" />
  <meta name='ocr-system' content='tesseract 3.04.00' />
  <meta name='ocr-capabilities' content='ocr_page ocr_carea ocr_par ocr_line ocrx_word'/>
</head>
<body>
  <div class='ocr_page' id='page_1' title='image "./decallistratoet00briegoog_0029.png"; bbox 0 0 3140 5266; ppageno 0'>
   <div class='ocr_carea' id='block_1_1' title="bbox 1401 21 1560 180">
    <p class='ocr_par' dir='ltr' id='par_1_1' title="bbox 1401 21 1560 180">
     <span class='ocr_line' id='line_1_1' title="bbox 1401 21 1560 180; baseline 0 -143"><span class='ocrx_word' id='word_1_1' title='bbox 1401 21 1560 180; x_wconf 47' lang='grc' dir='ltr'><strong>,η</strong></span> 
     </span>
    </p>
   </div>
   <div class='ocr_carea' id='block_1_2' title="bbox 808 362 1020 427">
    <p class='ocr_par' dir='ltr' id='par_1_2' title="bbox 808 362 1020 427">
     <span class='ocr_line' id='line_1_2' title="bbox 808 362 1020 427; baseline 0 -19"><span class='ocrx_word' id='word_1_2' title='bbox 808 362 1020 427; x_wconf 73' lang='grc'>..18-</span> 
     </span>
    </p>
   </div>
   <div class='ocr_carea' id='block_1_3' title="bbox 340 546 1492 4565">
    <p class='ocr_par' dir='ltr' id='par_1_3' title="bbox 342 546 1492 1668">
     <span class='ocr_line' id='line_1_3' title="bbox 344 546 1490 636; baseline -0.005 -20"><span class='ocrx_word' id='word_1_3' title='bbox 344 550 370 616; x_wconf 91' lang='lat' dir='ltr'><strong>si</strong></span> <span class='ocrx_word' id='word_1_4' title='bbox 401 551 432 616; x_wconf 91' lang='lat' dir='ltr'><strong>in</strong></span> <span class='ocrx_word' id='word_1_5' title='bbox 464 549 600 636; x_wconf 90' lang='lat' dir='ltr'><strong>publicis</strong></span> <span class='ocrx_word' id='word_1_6' title='bbox 632 549 819 614; x_wconf 89' lang='lat' dir='ltr'><strong>didascaliis</strong></span> <span class='ocrx_word' id='word_1_7' title='bbox 841 549 1032 615; x_wconf 88' lang='lat' dir='ltr'><strong>vicariorum</strong></span> <span class='ocrx_word' id='word_1_8' title='bbox 1055 549 1183 614; x_wconf 88' lang='lat' dir='ltr'><strong>nomina</strong></span> <span class='ocrx_word' id='word_1_9' title='bbox 1206 546 1302 612; x_wconf 79' lang='lat' dir='ltr'>scribi</span> <span class='ocrx_word' id='word_1_10' title='bbox 1326 547 1490 628; x_wconf 88' lang='lat' dir='ltr'><strong>solebant,</strong></span> 
     </span>
     <span class='ocr_line' id='line_1_4' title="bbox 344 651 1492 739; baseline -0.005 -19"><span class='ocrx_word' id='word_1_11' title='bbox 344 655 442 720; x_wconf 86' lang='lat' dir='ltr'><strong>etiam</strong></span> <span class='ocrx_word' id='word_1_12' title='bbox 464 653 601 739; x_wconf 78' lang='lat' dir='ltr'><strong>publicis</strong></span> <span class='ocrx_word' id='word_1_13' title='bbox 623 653 833 719; x_wconf 81' lang='lat' dir='ltr'>monumentis</span> <span class='ocrx_word' id='word_1_14' title='bbox 856 653 967 718; x_wconf 91' lang='lat' dir='ltr'><strong>horum</strong></span> <span class='ocrx_word' id='word_1_15' title='bbox 989 651 1118 718; x_wconf 89' lang='lat' dir='ltr'><strong>nomina</strong></span> <span class='ocrx_word' id='word_1_16' title='bbox 1140 651 1301 734; x_wconf 85' lang='lat' dir='ltr'><strong>insculpta</strong></span> <span class='ocrx_word' id='word_1_17' title='bbox 1324 671 1396 716; x_wconf 82' lang='lat' dir='ltr'><strong>esse</strong></span> <span class='ocrx_word' id='word_1_18' title='bbox 1413 671 1492 716; x_wconf 90' lang='lat' dir='ltr'><strong>oon-</strong></span> 
     </span>
     <span class='ocr_line' id='line_1_5' title="bbox 343 755 1491 841; baseline -0.003 -20"><span class='ocrx_word' id='word_1_19' title='bbox 343 757 429 824; x_wconf 89' lang='lat' dir='ltr'><strong>ioere</strong></span> <span class='ocrx_word' id='word_1_20' title='bbox 460 779 524 824; x_wconf 91' lang='lat' dir='ltr'><strong>non</strong></span> <span class='ocrx_word' id='word_1_21' title='bbox 559 765 608 824; x_wconf 86' lang='lat' dir='ltr'><strong>est</strong></span> <span class='ocrx_word' id='word_1_22' title='bbox 637 756 807 823; x_wconf 88' lang='lat' dir='ltr'><strong>audaciae.</strong></span> <span class='ocrx_word' id='word_1_23' title='bbox 864 757 972 822; x_wconf 88' lang='lat' dir='ltr'><strong>Etiam</strong></span> <span class='ocrx_word' id='word_1_24' title='bbox 1005 755 1142 841; x_wconf 88' lang='lat' dir='ltr'><strong>pretium</strong></span> <span class='ocrx_word' id='word_1_25' title='bbox 1168 755 1331 839; x_wconf 92' lang='lat' dir='ltr'><strong>publicum</strong></span> <span class='ocrx_word' id='word_1_26' title='bbox 1363 755 1491 820; x_wconf 87' lang='lat' dir='ltr'><strong>vicario</strong></span> 
     </span>
     <span class='ocr_line' id='line_1_6' title="bbox 343 858 1489 942; baseline -0.005 -16"><span class='ocrx_word' id='word_1_27' title='bbox 343 862 481 926; x_wconf 92' lang='lat' dir='ltr'><strong>solutum</strong></span> <span class='ocrx_word' id='word_1_28' title='bbox 505 881 574 926; x_wconf 90' lang='lat' dir='ltr'><strong>esse</strong></span> <span class='ocrx_word' id='word_1_29' title='bbox 592 869 842 926; x_wconf 86' lang='lat' dir='ltr'><strong>consentaneum</strong></span> <span class='ocrx_word' id='word_1_30' title='bbox 858 865 915 926; x_wconf 91' lang='lat' dir='ltr'><strong>est.</strong></span> <span class='ocrx_word' id='word_1_31' title='bbox 950 858 1009 924; x_wconf 90' lang='lat' dir='ltr'><strong>His</strong></span> <span class='ocrx_word' id='word_1_32' title='bbox 1026 858 1209 942; x_wconf 88' lang='lat' dir='ltr'><strong>commodis,</strong></span> <span class='ocrx_word' id='word_1_33' title='bbox 1234 878 1318 939; x_wconf 90' lang='lat' dir='ltr'><strong>quae</strong></span> <span class='ocrx_word' id='word_1_34' title='bbox 1335 858 1489 940; x_wconf 83' lang='lat' dir='ltr'><strong>cedebat,</strong></span> 
     </span>
     <span class='ocr_line' id='line_1_7' title="bbox 343 961 1489 1048; baseline -0.003 -20"><span class='ocrx_word' id='word_1_35' title='bbox 343 983 475 1048; x_wconf 84' lang='lat' dir='ltr'><strong>operam</strong></span> <span class='ocrx_word' id='word_1_36' title='bbox 510 963 655 1047; x_wconf 82' lang='lat' dir='ltr'>magistri</span> <span class='ocrx_word' id='word_1_37' title='bbox 690 963 802 1029; x_wconf 88' lang='lat' dir='ltr'><strong>vicarii</strong></span> <span class='ocrx_word' id='word_1_38' title='bbox 837 983 931 1028; x_wconf 84' lang='lat' dir='ltr'><strong>verus</strong></span> <span class='ocrx_word' id='word_1_39' title='bbox 965 968 1064 1046; x_wconf 88' lang='lat' dir='ltr'><strong>poeta</strong></span> <span class='ocrx_word' id='word_1_40' title='bbox 1091 961 1218 1028; x_wconf 89' lang='lat' dir='ltr'><strong>videtur</strong></span> <span class='ocrx_word' id='word_1_41' title='bbox 1247 981 1489 1045; x_wconf 82' lang='lat' dir='ltr'><strong>compensasse.</strong></span> 
     </span>
     <span class='ocr_line' id='line_1_8' title="bbox 345 1064 1491 1150; baseline -0.003 -18"><span class='ocrx_word' id='word_1_42' title='bbox 345 1065 436 1143; x_wconf 81' lang='lat' dir='ltr'><strong>Quae</strong></span> <span class='ocrx_word' id='word_1_43' title='bbox 452 1067 734 1149; x_wconf 86' lang='lat' dir='ltr'><strong>quantulicumque</strong></span> <span class='ocrx_word' id='word_1_44' title='bbox 751 1066 842 1146; x_wconf 88' lang='lat' dir='ltr'><strong>lacis,</strong></span> <span class='ocrx_word' id='word_1_45' title='bbox 866 1087 1019 1150; x_wconf 86' lang='lat' dir='ltr'><strong>maguum</strong></span> <span class='ocrx_word' id='word_1_46' title='bbox 1034 1086 1095 1131; x_wconf 91' lang='lat' dir='ltr'><strong>nec</strong></span> <span class='ocrx_word' id='word_1_47' title='bbox 1110 1064 1325 1149; x_wconf 90' lang='lat' dir='ltr'><strong>spernendum</strong></span> <span class='ocrx_word' id='word_1_48' title='bbox 1341 1066 1491 1132; x_wconf 87' lang='lat' dir='ltr'><strong>laborem</strong></span> 
     </span>
     <span class='ocr_line' id='line_1_9' title="bbox 344 1169 1492 1254; baseline 0 -21"><span class='ocrx_word' id='word_1_49' title='bbox 344 1169 432 1234; x_wconf 88' lang='lat' dir='ltr'><strong>chori</strong></span> <span class='ocrx_word' id='word_1_50' title='bbox 466 1169 620 1252; x_wconf 84' lang='lat' dir='ltr'><strong>magister</strong></span> <span class='ocrx_word' id='word_1_51' title='bbox 647 1170 715 1236; x_wconf 90' lang='lat' dir='ltr'><strong>sine</strong></span> <span class='ocrx_word' id='word_1_52' title='bbox 744 1170 842 1236; x_wconf 92' lang='lat' dir='ltr'><strong>dubio</strong></span> <span class='ocrx_word' id='word_1_53' title='bbox 870 1169 1020 1254; x_wconf 81' lang='lat' dir='ltr'><strong>suscepit,</strong></span> <span class='ocrx_word' id='word_1_54' title='bbox 1055 1171 1250 1252; x_wconf 89' lang='lat' dir='ltr'><strong>multumque</strong></span> <span class='ocrx_word' id='word_1_55' title='bbox 1272 1169 1422 1235; x_wconf 87' lang='lat' dir='ltr'><strong>fecerunt</strong></span> <span class='ocrx_word' id='word_1_56' title='bbox 1442 1169 1492 1233; x_wconf 89' lang='lat' dir='ltr'><strong>ad</strong></span> 
     </span>
     <span class='ocr_line' id='line_1_10' title="bbox 342 1271 1490 1357; baseline -0.003 -19"><span class='ocrx_word' id='word_1_57' title='bbox 342 1273 460 1339; x_wconf 89' lang='lat' dir='ltr'><strong>bonum</strong></span> <span class='ocrx_word' id='word_1_58' title='bbox 487 1280 636 1340; x_wconf 89' lang='lat' dir='ltr'><strong>eventum</strong></span> <span class='ocrx_word' id='word_1_59' title='bbox 659 1293 711 1339; x_wconf 91' lang='lat' dir='ltr'><strong>ars</strong></span> <span class='ocrx_word' id='word_1_60' title='bbox 734 1273 803 1339; x_wconf 91' lang='lat' dir='ltr'><strong>eius</strong></span> <span class='ocrx_word' id='word_1_61' title='bbox 826 1280 859 1340; x_wconf 91' lang='lat' dir='ltr'><strong>et</strong></span> <span class='ocrx_word' id='word_1_62' title='bbox 881 1272 1060 1357; x_wconf 84' lang='lat' dir='ltr'><strong>diligentia,</strong></span> <span class='ocrx_word' id='word_1_63' title='bbox 1090 1271 1296 1354; x_wconf 91' lang='lat' dir='ltr'><strong>quamobrem</strong></span> <span class='ocrx_word' id='word_1_64' title='bbox 1319 1271 1428 1355; x_wconf 88' lang='lat' dir='ltr'><strong>laude,</strong></span> <span class='ocrx_word' id='word_1_65' title='bbox 1457 1272 1490 1334; x_wconf 89' lang='lat' dir='ltr'><strong>si</strong></span> 
     </span>
     <span class='ocr_line' id='line_1_11' title="bbox 344 1375 1488 1460; baseline -0.003 -18"><span class='ocrx_word' id='word_1_66' title='bbox 344 1397 440 1458; x_wconf 91' lang='lat' dir='ltr'><strong>quam</strong></span> <span class='ocrx_word' id='word_1_67' title='bbox 470 1375 690 1442; x_wconf 89' lang='lat' dir='ltr'><strong>commissione</strong></span> <span class='ocrx_word' id='word_1_68' title='bbox 720 1375 781 1442; x_wconf 91' lang='lat' dir='ltr'><strong>sibi</strong></span> <span class='ocrx_word' id='word_1_69' title='bbox 809 1377 958 1460; x_wconf 88' lang='lat' dir='ltr'><strong>parabat,</strong></span> <span class='ocrx_word' id='word_1_70' title='bbox 988 1383 1074 1442; x_wconf 89' lang='lat' dir='ltr'><strong>certe</strong></span> <span class='ocrx_word' id='word_1_71' title='bbox 1104 1375 1220 1458; x_wconf 84' lang='lat' dir='ltr'><strong>dignus</strong></span> <span class='ocrx_word' id='word_1_72' title='bbox 1243 1382 1323 1441; x_wconf 88' lang='lat' dir='ltr'><strong>erat.</strong></span> <span class='ocrx_word' id='word_1_73' title='bbox 1370 1377 1488 1457; x_wconf 88' lang='lat' dir='ltr'><strong>Itaque</strong></span> 
     </span>
     <span class='ocr_line' id='line_1_12' title="bbox 342 1479 1489 1564; baseline -0.002 -19"><span class='ocrx_word' id='word_1_74' title='bbox 342 1479 369 1545; x_wconf 91' lang='lat' dir='ltr'><strong>si</strong></span> <span class='ocrx_word' id='word_1_75' title='bbox 392 1480 475 1546; x_wconf 92' lang='lat' dir='ltr'><strong>haec</strong></span> <span class='ocrx_word' id='word_1_76' title='bbox 498 1481 605 1546; x_wconf 89' lang='lat' dir='ltr'><strong>omnia</strong></span> <span class='ocrx_word' id='word_1_77' title='bbox 628 1480 945 1564; x_wconf 84' lang='lat' dir='ltr'><strong>consideraverimus,</strong></span> <span class='ocrx_word' id='word_1_78' title='bbox 969 1479 1217 1564; x_wconf 84' lang='lat' dir='ltr'><strong>Aristophanem</strong></span> <span class='ocrx_word' id='word_1_79' title='bbox 1240 1499 1275 1545; x_wconf 92' lang='lat' dir='ltr'><strong>se</strong></span> <span class='ocrx_word' id='word_1_80' title='bbox 1291 1479 1366 1544; x_wconf 89' lang='lat' dir='ltr'><strong>aliis</strong></span> <span class='ocrx_word' id='word_1_81' title='bbox 1381 1479 1489 1564; x_wconf 89' lang='lat' dir='ltr'><strong>poetis</strong></span> 
     </span>
     <span class='ocr_line' id='line_1_13' title="bbox 342 1583 1487 1668; baseline -0.002 -20"><span class='ocrx_word' id='word_1_82' title='bbox 342 1584 537 1650; x_wconf 86' lang='lat' dir='ltr'><strong>succurrisse</strong></span> <span class='ocrx_word' id='word_1_83' title='bbox 561 1605 618 1650; x_wconf 93' lang='lat' dir='ltr'><strong>suo</strong></span> <span class='ocrx_word' id='word_1_84' title='bbox 640 1584 708 1650; x_wconf 94' lang='lat' dir='ltr'><strong>iure</strong></span> <span class='ocrx_word' id='word_1_85' title='bbox 732 1583 924 1668; x_wconf 90' lang='lat' dir='ltr'><strong>praedicare</strong></span> <span class='ocrx_word' id='word_1_86' title='bbox 947 1583 1089 1667; x_wconf 91' lang='lat' dir='ltr'><strong>potuisse</strong></span> <span class='ocrx_word' id='word_1_87' title='bbox 1105 1583 1243 1649; x_wconf 89' lang='lat' dir='ltr'><strong>libenter</strong></span> <span class='ocrx_word' id='word_1_88' title='bbox 1259 1583 1487 1648; x_wconf 88' lang='lat' dir='ltr'><strong>concedemus.</strong></span> 
     </span>
    </p>

    <p class='ocr_par' dir='ltr' id='par_1_4' title="bbox 340 1685 1488 3220">
     <span class='ocr_line' id='line_1_14' title="bbox 428 1685 1488 1771; baseline -0.002 -19"><span class='ocrx_word' id='word_1_89' title='bbox 428 1689 571 1753; x_wconf 85' lang='lat' dir='ltr'><strong>Fuerunt</strong></span> <span class='ocrx_word' id='word_1_90' title='bbox 594 1708 672 1770; x_wconf 87' lang='lat' dir='ltr'><strong>ergo</strong></span> <span class='ocrx_word' id='word_1_91' title='bbox 689 1686 867 1771; x_wconf 88' lang='lat' dir='ltr'><strong>commoda,</strong></span> <span class='ocrx_word' id='word_1_92' title='bbox 891 1686 1006 1769; x_wconf 91' lang='lat' dir='ltr'><strong>quihus</strong></span> <span class='ocrx_word' id='word_1_93' title='bbox 1022 1686 1062 1770; x_wconf 89' lang='lat' dir='ltr'><strong>ei,</strong></span> <span class='ocrx_word' id='word_1_94' title='bbox 1085 1686 1141 1769; x_wconf 90' lang='lat' dir='ltr'><strong>qui</strong></span> <span class='ocrx_word' id='word_1_95' title='bbox 1156 1685 1337 1752; x_wconf 89' lang='lat' dir='ltr'><strong>molestiam</strong></span> <span class='ocrx_word' id='word_1_96' title='bbox 1353 1686 1488 1751; x_wconf 86' lang='lat' dir='ltr'><strong>fabulae</strong></span> 
     </span>
     <span class='ocr_line' id='line_1_15' title="bbox 343 1789 1488 1874; baseline 0 -20"><span class='ocrx_word' id='word_1_97' title='bbox 343 1790 510 1856; x_wconf 87' lang='lat' dir='ltr'><strong>docendae</strong></span> <span class='ocrx_word' id='word_1_98' title='bbox 545 1791 615 1874; x_wconf 91' lang='lat' dir='ltr'><strong>ipse</strong></span> <span class='ocrx_word' id='word_1_99' title='bbox 648 1811 711 1856; x_wconf 93' lang='lat' dir='ltr'><strong>non</strong></span> <span class='ocrx_word' id='word_1_100' title='bbox 745 1791 883 1874; x_wconf 87' lang='lat' dir='ltr'><strong>subibat,</strong></span> <span class='ocrx_word' id='word_1_101' title='bbox 919 1789 1093 1856; x_wconf 88' lang='lat' dir='ltr'><strong>carendum</strong></span> <span class='ocrx_word' id='word_1_102' title='bbox 1122 1796 1201 1873; x_wconf 89' lang='lat' dir='ltr'><strong>erat,</strong></span> <span class='ocrx_word' id='word_1_103' title='bbox 1235 1810 1342 1872; x_wconf 88' lang='lat' dir='ltr'><strong>neque</strong></span> <span class='ocrx_word' id='word_1_104' title='bbox 1376 1795 1488 1855; x_wconf 89' lang='lat' dir='ltr'><strong>tamen</strong></span> 
     </span>
     <span class='ocr_line' id='line_1_16' title="bbox 341 1892 1488 1978; baseline 0 -20"><span class='ocrx_word' id='word_1_105' title='bbox 341 1893 469 1960; x_wconf 85' lang='lat' dir='ltr'><strong>fuerunt</strong></span> <span class='ocrx_word' id='word_1_106' title='bbox 503 1893 668 1978; x_wconf 87' lang='lat' dir='ltr'><strong>eiusmodi,</strong></span> <span class='ocrx_word' id='word_1_107' title='bbox 700 1901 734 1959; x_wconf 91' lang='lat' dir='ltr'><strong>ut</strong></span> <span class='ocrx_word' id='word_1_108' title='bbox 761 1894 809 1958; x_wconf 87' lang='lat' dir='ltr'><strong>vir</strong></span> <span class='ocrx_word' id='word_1_109' title='bbox 831 1893 947 1958; x_wconf 93' lang='lat' dir='ltr'><strong>nobilis</strong></span> <span class='ocrx_word' id='word_1_110' title='bbox 970 1901 1002 1960; x_wconf 93' lang='lat' dir='ltr'><strong>et</strong></span> <span class='ocrx_word' id='word_1_111' title='bbox 1026 1892 1126 1977; x_wconf 86' lang='lat' dir='ltr'><strong>dives,</strong></span> <span class='ocrx_word' id='word_1_112' title='bbox 1155 1893 1259 1975; x_wconf 89' lang='lat' dir='ltr'><strong>qualis</strong></span> <span class='ocrx_word' id='word_1_113' title='bbox 1281 1892 1343 1958; x_wconf 88' lang='lat' dir='ltr'><strong>fuit</strong></span> <span class='ocrx_word' id='word_1_114' title='bbox 1366 1893 1488 1958; x_wconf 83' lang='lat' dir='ltr'><strong>Aristo</strong></span> 
     </span>
     <span class='ocr_line' id='line_1_17' title="bbox 343 1996 1487 2081; baseline 0.003 -22"><span class='ocrx_word' id='word_1_115' title='bbox 343 1996 478 2081; x_wconf 88' lang='lat' dir='ltr'><strong>phanes,</strong></span> <span class='ocrx_word' id='word_1_116' title='bbox 502 1996 610 2079; x_wconf 89' lang='lat' dir='ltr'><strong>aliquo</strong></span> <span class='ocrx_word' id='word_1_117' title='bbox 633 1996 728 2062; x_wconf 90' lang='lat' dir='ltr'><strong>modo</strong></span> <span class='ocrx_word' id='word_1_118' title='bbox 744 1996 943 2062; x_wconf 80' lang='lat' dir='ltr'><strong>afficeretur:</strong></span> <span class='ocrx_word' id='word_1_119' title='bbox 967 1996 1064 2062; x_wconf 90' lang='lat' dir='ltr'><strong>laude</strong></span> <span class='ocrx_word' id='word_1_120' title='bbox 1081 1996 1165 2062; x_wconf 93' lang='lat' dir='ltr'><strong>enim</strong></span> <span class='ocrx_word' id='word_1_121' title='bbox 1180 2016 1243 2062; x_wconf 90' lang='lat' dir='ltr'><strong>non</strong></span> <span class='ocrx_word' id='word_1_122' title='bbox 1260 1997 1365 2062; x_wconf 86' lang='lat' dir='ltr'><strong>caruit</strong></span> <span class='ocrx_word' id='word_1_123' title='bbox 1380 2017 1487 2080; x_wconf 88' lang='lat' dir='ltr'><strong>neque</strong></span> 
     </span>
     <span class='ocr_line' id='line_1_18' title="bbox 342 2099 1485 2184; baseline 0 -20"><span class='ocrx_word' id='word_1_124' title='bbox 342 2119 405 2164; x_wconf 93' lang='lat' dir='ltr'><strong>uon</strong></span> <span class='ocrx_word' id='word_1_125' title='bbox 427 2099 487 2165; x_wconf 81' lang='lat' dir='ltr'><strong>fuit</strong></span> <span class='ocrx_word' id='word_1_126' title='bbox 509 2099 543 2164; x_wconf 92' lang='lat' dir='ltr'><strong>in</strong></span> <span class='ocrx_word' id='word_1_127' title='bbox 565 2120 686 2166; x_wconf 90' lang='lat' dir='ltr'><strong>summo</strong></span> <span class='ocrx_word' id='word_1_128' title='bbox 708 2100 838 2166; x_wconf 89' lang='lat' dir='ltr'><strong>honore.</strong></span> <span class='ocrx_word' id='word_1_129' title='bbox 872 2102 955 2168; x_wconf 89' lang='lat' dir='ltr'><strong>Nam</strong></span> <span class='ocrx_word' id='word_1_130' title='bbox 978 2100 1113 2184; x_wconf 89' lang='lat' dir='ltr'><strong>primum</strong></span> <span class='ocrx_word' id='word_1_131' title='bbox 1134 2100 1167 2164; x_wconf 90' lang='lat' dir='ltr'><strong>iu</strong></span> <span class='ocrx_word' id='word_1_132' title='bbox 1190 2099 1260 2184; x_wconf 88' lang='lat' dir='ltr'><strong>ipso</strong></span> <span class='ocrx_word' id='word_1_133' title='bbox 1276 2100 1406 2166; x_wconf 90' lang='lat' dir='ltr'><strong>theatro</strong></span> <span class='ocrx_word' id='word_1_134' title='bbox 1422 2122 1485 2166; x_wconf 90' lang='lat' dir='ltr'><strong>non</strong></span> 
     </span>
     <span class='ocr_line' id='line_1_19' title="bbox 342 2203 1487 2289; baseline 0.002 -21"><span class='ocrx_word' id='word_1_135' title='bbox 342 2208 451 2288; x_wconf 84' lang='lat' dir='ltr'><strong>poeta,</strong></span> <span class='ocrx_word' id='word_1_136' title='bbox 474 2203 533 2269; x_wconf 89' lang='lat' dir='ltr'><strong>sed</strong></span> <span class='ocrx_word' id='word_1_137' title='bbox 556 2203 666 2288; x_wconf 89' lang='lat' dir='ltr'><strong>tribus,</strong></span> <span class='ocrx_word' id='word_1_138' title='bbox 692 2204 780 2270; x_wconf 92' lang='lat' dir='ltr'><strong>cuius</strong></span> <span class='ocrx_word' id='word_1_139' title='bbox 804 2205 962 2286; x_wconf 81' lang='lat' dir='ltr'><strong>ohoregus</strong></span> <span class='ocrx_word' id='word_1_140' title='bbox 984 2210 1143 2289; x_wconf 91' lang='lat' dir='ltr'><strong>sumptum</strong></span> <span class='ocrx_word' id='word_1_141' title='bbox 1159 2203 1284 2270; x_wconf 84' lang='lat' dir='ltr'><strong>fecerat</strong></span> <span class='ocrx_word' id='word_1_142' title='bbox 1304 2211 1337 2270; x_wconf 89' lang='lat' dir='ltr'><strong>et</strong></span> <span class='ocrx_word' id='word_1_143' title='bbox 1354 2205 1487 2272; x_wconf 81' lang='lat' dir='ltr'><strong>chorum</strong></span> 
     </span>
     <span class='ocr_line' id='line_1_20' title="bbox 343 2307 1485 2393; baseline 0.003 -22"><span class='ocrx_word' id='word_1_144' title='bbox 343 2308 548 2392; x_wconf 87' lang='lat' dir='ltr'><strong>praebuerat,</strong></span> <span class='ocrx_word' id='word_1_145' title='bbox 572 2308 723 2392; x_wconf 90' lang='lat' dir='ltr'><strong>princeps</strong></span> <span class='ocrx_word' id='word_1_146' title='bbox 746 2308 815 2392; x_wconf 89' lang='lat' dir='ltr'><strong>fuit,</strong></span> <span class='ocrx_word' id='word_1_147' title='bbox 839 2314 873 2373; x_wconf 89' lang='lat' dir='ltr'><strong>ut</strong></span> <span class='ocrx_word' id='word_1_148' title='bbox 896 2309 942 2373; x_wconf 90' lang='lat' dir='ltr'><strong>ita</strong></span> <span class='ocrx_word' id='word_1_149' title='bbox 966 2308 1081 2391; x_wconf 87' lang='lat' dir='ltr'><strong>dicam,</strong></span> <span class='ocrx_word' id='word_1_150' title='bbox 1106 2327 1189 2390; x_wconf 91' lang='lat' dir='ltr'><strong>quae</strong></span> <span class='ocrx_word' id='word_1_151' title='bbox 1212 2307 1329 2374; x_wconf 89' lang='lat' dir='ltr'><strong>vicisse</strong></span> <span class='ocrx_word' id='word_1_152' title='bbox 1353 2309 1485 2393; x_wconf 90' lang='lat' dir='ltr'><strong>publice</strong></span> 
     </span>
     <span class='ocr_line' id='line_1_21' title="bbox 343 2409 1485 2497; baseline 0.003 -23"><span class='ocrx_word' id='word_1_153' title='bbox 343 2409 551 2476; x_wconf 88' lang='lat' dir='ltr'><strong>nuntiabatur</strong></span> <span class='ocrx_word' id='word_1_154' title='bbox 590 2418 623 2476; x_wconf 90' lang='lat' dir='ltr'><strong>et</strong></span> <span class='ocrx_word' id='word_1_155' title='bbox 660 2411 818 2497; x_wconf 85' lang='lat' dir='ltr'><strong>tripodem</strong></span> <span class='ocrx_word' id='word_1_156' title='bbox 852 2411 1029 2496; x_wconf 91' lang='lat' dir='ltr'><strong>praemium</strong></span> <span class='ocrx_word' id='word_1_157' title='bbox 1067 2410 1265 2494; x_wconf 89' lang='lat' dir='ltr'><strong>propositum</strong></span> <span class='ocrx_word' id='word_1_158' title='bbox 1302 2411 1485 2478; x_wconf 82' lang='lat' dir='ltr'><strong>auferebat.</strong></span> 
     </span>
     <span class='ocr_line' id='line_1_22' title="bbox 343 2513 1486 2600; baseline 0 -22"><span class='ocrx_word' id='word_1_159' title='bbox 343 2514 424 2578; x_wconf 87' lang='lat' dir='ltr'><strong>Tum</strong></span> <span class='ocrx_word' id='word_1_160' title='bbox 458 2534 534 2580; x_wconf 89' lang='lat' dir='ltr'><strong>vero</strong></span> <span class='ocrx_word' id='word_1_161' title='bbox 564 2521 672 2599; x_wconf 85' lang='lat' dir='ltr'><strong>poeta,</strong></span> <span class='ocrx_word' id='word_1_162' title='bbox 703 2536 765 2597; x_wconf 92' lang='lat' dir='ltr'><strong>quo</strong></span> <span class='ocrx_word' id='word_1_163' title='bbox 796 2515 1085 2600; x_wconf 67' lang='lat' dir='ltr'><strong>prudentiorem,</strong></span> <span class='ocrx_word' id='word_1_164' title='bbox 1114 2534 1152 2580; x_wconf 90' lang='lat' dir='ltr'><strong>eo</strong></span> <span class='ocrx_word' id='word_1_165' title='bbox 1181 2513 1309 2578; x_wconf 89' lang='lat' dir='ltr'><strong>sacilius</strong></span> <span class='ocrx_word' id='word_1_166' title='bbox 1332 2514 1486 2598; x_wconf 84' lang='lat' dir='ltr'><strong>fugacem</strong></span> 
     </span>
     <span class='ocr_line' id='line_1_23' title="bbox 342 2617 1486 2704; baseline 0 -22"><span class='ocrx_word' id='word_1_167' title='bbox 342 2617 452 2702; x_wconf 91' lang='lat' dir='ltr'><strong>populi</strong></span> <span class='ocrx_word' id='word_1_168' title='bbox 483 2619 635 2684; x_wconf 86' lang='lat' dir='ltr'><strong>affectum</strong></span> <span class='ocrx_word' id='word_1_169' title='bbox 665 2619 876 2704; x_wconf 87' lang='lat' dir='ltr'><strong>plausumque</strong></span> <span class='ocrx_word' id='word_1_170' title='bbox 903 2618 996 2702; x_wconf 89' lang='lat' dir='ltr'><strong>parvi</strong></span> <span class='ocrx_word' id='word_1_171' title='bbox 1019 2618 1175 2684; x_wconf 90' lang='lat' dir='ltr'><strong>ducebat:</strong></span> <span class='ocrx_word' id='word_1_172' title='bbox 1207 2617 1254 2682; x_wconf 86' lang='lat' dir='ltr'><strong>eis</strong></span> <span class='ocrx_word' id='word_1_173' title='bbox 1277 2618 1397 2702; x_wconf 90' lang='lat' dir='ltr'><strong>potius,</strong></span> <span class='ocrx_word' id='word_1_174' title='bbox 1432 2619 1486 2700; x_wconf 93' lang='lat' dir='ltr'><strong>qui</strong></span> 
     </span>
     <span class='ocr_line' id='line_1_24' title="bbox 340 2719 1485 2805; baseline 0.002 -21"><span class='ocrx_word' id='word_1_175' title='bbox 340 2719 486 2786; x_wconf 90' lang='lat' dir='ltr'><strong>iudicare</strong></span> <span class='ocrx_word' id='word_1_176' title='bbox 514 2727 665 2805; x_wconf 87' lang='lat' dir='ltr'><strong>poterant</strong></span> <span class='ocrx_word' id='word_1_177' title='bbox 687 2727 720 2787; x_wconf 90' lang='lat' dir='ltr'><strong>et</strong></span> <span class='ocrx_word' id='word_1_178' title='bbox 742 2743 763 2786; x_wconf 88' lang='lat' dir='ltr'><strong>a</strong></span> <span class='ocrx_word' id='word_1_179' title='bbox 787 2721 900 2803; x_wconf 91' lang='lat' dir='ltr'><strong>quibus</strong></span> <span class='ocrx_word' id='word_1_180' title='bbox 924 2721 1035 2787; x_wconf 86' lang='lat' dir='ltr'><strong>extolli</strong></span> <span class='ocrx_word' id='word_1_181' title='bbox 1058 2741 1154 2804; x_wconf 90' lang='lat' dir='ltr'><strong>quam</strong></span> <span class='ocrx_word' id='word_1_182' title='bbox 1176 2721 1315 2786; x_wconf 86' lang='lat' dir='ltr'><strong>maxime</strong></span> <span class='ocrx_word' id='word_1_183' title='bbox 1339 2721 1485 2805; x_wconf 87' lang='lat' dir='ltr'><strong>iuvabat,</strong></span> 
     </span>
     <span class='ocr_line' id='line_1_25' title="bbox 341 2823 1486 2908; baseline 0.002 -20"><span class='ocrx_word' id='word_1_184' title='bbox 341 2843 376 2888; x_wconf 92' lang='lat' dir='ltr'><strong>se</strong></span> <span class='ocrx_word' id='word_1_185' title='bbox 403 2843 558 2906; x_wconf 90' lang='lat' dir='ltr'><strong>suamque</strong></span> <span class='ocrx_word' id='word_1_186' title='bbox 582 2830 684 2890; x_wconf 90' lang='lat' dir='ltr'><strong>artem</strong></span> <span class='ocrx_word' id='word_1_187' title='bbox 706 2825 845 2908; x_wconf 90' lang='lat' dir='ltr'><strong>probare</strong></span> <span class='ocrx_word' id='word_1_188' title='bbox 868 2825 1036 2908; x_wconf 91' lang='lat' dir='ltr'><strong>plurimum</strong></span> <span class='ocrx_word' id='word_1_189' title='bbox 1059 2823 1128 2890; x_wconf 89' lang='lat' dir='ltr'><strong>eius</strong></span> <span class='ocrx_word' id='word_1_190' title='bbox 1150 2823 1314 2890; x_wconf 88' lang='lat' dir='ltr'><strong>intererat.</strong></span> <span class='ocrx_word' id='word_1_191' title='bbox 1364 2826 1486 2891; x_wconf 87' lang='lat' dir='ltr'><strong>Aristo-</strong></span> 
     </span>
     <span class='ocr_line' id='line_1_26' title="bbox 341 2926 1485 3012; baseline 0.003 -21"><span class='ocrx_word' id='word_1_192' title='bbox 341 2926 465 3010; x_wconf 89' lang='lat' dir='ltr'><strong>phanes</strong></span> <span class='ocrx_word' id='word_1_193' title='bbox 498 2927 568 3011; x_wconf 90' lang='lat' dir='ltr'><strong>ipse</strong></span> <span class='ocrx_word' id='word_1_194' title='bbox 598 2948 834 3011; x_wconf 90' lang='lat' dir='ltr'><strong>nonnumquam</strong></span> <span class='ocrx_word' id='word_1_195' title='bbox 863 2928 948 2994; x_wconf 91' lang='lat' dir='ltr'><strong>hanc</strong></span> <span class='ocrx_word' id='word_1_196' title='bbox 976 2950 1044 2994; x_wconf 90' lang='lat' dir='ltr'><strong>rem</strong></span> <span class='ocrx_word' id='word_1_197' title='bbox 1071 2928 1216 3011; x_wconf 82' lang='lat' dir='ltr'><strong>tetigisse</strong></span> <span class='ocrx_word' id='word_1_198' title='bbox 1246 2928 1323 2992; x_wconf 90' lang='lat' dir='ltr'><strong>mihi</strong></span> <span class='ocrx_word' id='word_1_199' title='bbox 1346 2929 1485 3012; x_wconf 89' lang='lat' dir='ltr'><strong>videtur,</strong></span> 
     </span>
     <span class='ocr_line' id='line_1_27' title="bbox 343 3031 1485 3118; baseline 0.001 -23"><span class='ocrx_word' id='word_1_200' title='bbox 343 3036 438 3096; x_wconf 89' lang='lat' dir='ltr'><strong>caute</strong></span> <span class='ocrx_word' id='word_1_201' title='bbox 469 3031 599 3113; x_wconf 90' lang='lat' dir='ltr'><strong>quidem</strong></span> <span class='ocrx_word' id='word_1_202' title='bbox 627 3038 659 3098; x_wconf 91' lang='lat' dir='ltr'><strong>et</strong></span> <span class='ocrx_word' id='word_1_203' title='bbox 686 3032 766 3098; x_wconf 90' lang='lat' dir='ltr'><strong>satis</strong></span> <span class='ocrx_word' id='word_1_204' title='bbox 789 3039 884 3118; x_wconf 87' lang='lat' dir='ltr'><strong>teoto,</strong></span> <span class='ocrx_word' id='word_1_205' title='bbox 915 3033 1069 3099; x_wconf 87' lang='lat' dir='ltr'><strong>videlicet</strong></span> <span class='ocrx_word' id='word_1_206' title='bbox 1091 3054 1131 3098; x_wconf 91' lang='lat' dir='ltr'><strong>ne</strong></span> <span class='ocrx_word' id='word_1_207' title='bbox 1155 3034 1270 3116; x_wconf 77' lang='lat' dir='ltr'><strong>vulgus</strong></span> <span class='ocrx_word' id='word_1_208' title='bbox 1293 3035 1485 3116; x_wconf 85' lang='lat' dir='ltr'><strong>offenderet,</strong></span> 
     </span>
     <span class='ocr_line' id='line_1_28' title="bbox 344 3134 856 3220; baseline 0.008 -21"><span class='ocrx_word' id='word_1_209' title='bbox 344 3134 444 3200; x_wconf 91' lang='lat' dir='ltr'><strong>veluti</strong></span> <span class='ocrx_word' id='word_1_210' title='bbox 466 3135 564 3220; x_wconf 90' lang='lat' dir='ltr'><strong>Vesp.</strong></span> <span class='ocrx_word' id='word_1_211' title='bbox 589 3155 634 3201; x_wconf 88' lang='lat' dir='ltr'><strong>vs.</strong></span> <span class='ocrx_word' id='word_1_212' title='bbox 661 3137 745 3202; x_wconf 81' lang='lat'>1048</span> <span class='ocrx_word' id='word_1_213' title='bbox 769 3155 856 3219; x_wconf 86' lang='lat' dir='ltr'><strong>sqq:</strong></span> 
     </span>
    </p>

    <p class='ocr_par' dir='ltr' id='par_1_5' title="bbox 428 3238 1483 3327">
     <span class='ocr_line' id='line_1_29' title="bbox 428 3238 1483 3327; baseline 0.002 -26"><span class='ocrx_word' id='word_1_214' title='bbox 428 3242 525 3304; x_wconf 78' lang='grc' dir='ltr'><strong><em>τοῦτο</em></strong></span> <span class='ocrx_word' id='word_1_215' title='bbox 547 3239 607 3322; x_wconf 76' lang='grc' dir='ltr'><strong>μὲν</strong></span> <span class='ocrx_word' id='word_1_216' title='bbox 630 3238 689 3303; x_wconf 80' lang='grc' dir='ltr'><strong>οὖν</strong></span> <span class='ocrx_word' id='word_1_217' title='bbox 712 3240 783 3302; x_wconf 67' lang='grc' dir='ltr'><strong>ἔσθ’</strong></span> <span class='ocrx_word' id='word_1_218' title='bbox 807 3239 884 3321; x_wconf 77' lang='grc' dir='ltr'><strong><em>ὑμῖν</em></strong></span> <span class='ocrx_word' id='word_1_219' title='bbox 905 3240 1041 3326; x_wconf 80' lang='grc' dir='ltr'><strong><em>αἰσχρὸν</em></strong></span> <span class='ocrx_word' id='word_1_220' title='bbox 1063 3250 1131 3314; x_wconf 77' lang='grc' dir='ltr'><strong><em>τοῖς</em></strong></span> <span class='ocrx_word' id='word_1_221' title='bbox 1153 3240 1196 3324; x_wconf 65' lang='grc' dir='ltr'><strong>μοὶ</strong></span> <span class='ocrx_word' id='word_1_222' title='bbox 1220 3243 1354 3318; x_wconf 80' lang='grc' dir='ltr'>γνοῦσιν</span> <span class='ocrx_word' id='word_1_223' title='bbox 1370 3264 1483 3327; x_wconf 83' lang='grc' dir='ltr'><strong><em>παρα-</em></strong></span> 
     </span>
    </p>

    <p class='ocr_par' dir='ltr' id='par_1_6' title="bbox 1169 3347 1289 3428">
     <span class='ocr_line' id='line_1_30' title="bbox 1169 3347 1289 3428; baseline 0.008 -4"><span class='ocrx_word' id='word_1_224' title='bbox 1169 3347 1289 3428; x_wconf 59' lang='grc' dir='ltr'><em>χρῆμα)</em></span> 
     </span>
    </p>

    <p class='ocr_par' dir='ltr' id='par_1_7' title="bbox 428 3444 1483 3532">
     <span class='ocr_line' id='line_1_31' title="bbox 428 3444 1483 3532; baseline 0 -22"><span class='ocrx_word' id='word_1_225' title='bbox 428 3446 446 3510; x_wconf 85' lang='grc' dir='ltr'>ὁ</span> <span class='ocrx_word' id='word_1_226' title='bbox 471 3445 506 3508; x_wconf 80' lang='grc' dir='ltr'><strong>δὲ</strong></span> <span class='ocrx_word' id='word_1_227' title='bbox 529 3445 664 3530; x_wconf 76' lang='grc' dir='ltr'><strong><em>ποιητὴς</em></strong></span> <span class='ocrx_word' id='word_1_228' title='bbox 688 3444 785 3509; x_wconf 74' lang='grc' dir='ltr'><strong><em>οὐδὲν</em></strong></span> <span class='ocrx_word' id='word_1_229' title='bbox 807 3450 921 3532; x_wconf 79' lang='grc' dir='ltr'><strong><em>χείρων</em></strong></span> <span class='ocrx_word' id='word_1_230' title='bbox 944 3446 1036 3531; x_wconf 83' lang='grc' dir='ltr'><em>παρὰ</em></span> <span class='ocrx_word' id='word_1_231' title='bbox 1051 3457 1134 3510; x_wconf 78' lang='grc' dir='ltr'><strong><em>τοῖσι</em></strong></span> <span class='ocrx_word' id='word_1_232' title='bbox 1150 3455 1267 3530; x_wconf 77' lang='grc' dir='ltr'><strong><em>σοφοῖς</em></strong></span> <span class='ocrx_word' id='word_1_233' title='bbox 1283 3445 1483 3528; x_wconf 78' lang='grc' dir='ltr'><strong><em>νενόμισται,</em></strong></span> 
     </span>
    </p>

    <p class='ocr_par' dir='ltr' id='par_1_8' title="bbox 340 3549 1485 4136">
     <span class='ocr_line' id='line_1_32' title="bbox 427 3549 1482 3636; baseline 0.003 -24"><span class='ocrx_word' id='word_1_234' title='bbox 427 3551 457 3613; x_wconf 79' lang='grc' dir='ltr'><strong>εἰ</strong></span> <span class='ocrx_word' id='word_1_235' title='bbox 479 3549 694 3635; x_wconf 76' lang='grc' dir='ltr'><strong><em>παρελαύνων</em></strong></span> <span class='ocrx_word' id='word_1_236' title='bbox 716 3550 791 3623; x_wconf 80' lang='grc' dir='ltr'><strong><em>τοὺς</em></strong></span> <span class='ocrx_word' id='word_1_237' title='bbox 814 3550 1015 3624; x_wconf 76' lang='grc' dir='ltr'><strong><em>ἀντιπάλους</em></strong></span> <span class='ocrx_word' id='word_1_238' title='bbox 1038 3550 1095 3634; x_wconf 76' lang='grc' dir='ltr'><strong>τὴν</strong></span> <span class='ocrx_word' id='word_1_239' title='bbox 1109 3549 1260 3614; x_wconf 78' lang='grc' dir='ltr'><strong><em>ἐπίνοιαν</em></strong></span> <span class='ocrx_word' id='word_1_240' title='bbox 1275 3553 1482 3636; x_wconf 78' lang='grc' dir='ltr'><strong><em>ξυνέτριψεν,</em></strong></span> 
     </span>
     <span class='ocr_line' id='line_1_33' title="bbox 343 3652 1485 3736; baseline 0.001 -19"><span class='ocrx_word' id='word_1_241' title='bbox 343 3659 375 3719; x_wconf 91' lang='lat' dir='ltr'><strong>et</strong></span> <span class='ocrx_word' id='word_1_242' title='bbox 402 3652 486 3719; x_wconf 92' lang='lat' dir='ltr'><strong>Nub.</strong></span> <span class='ocrx_word' id='word_1_243' title='bbox 515 3673 561 3718; x_wconf 89' lang='lat' dir='ltr'><strong>vs.</strong></span> <span class='ocrx_word' id='word_1_244' title='bbox 586 3653 649 3718; x_wconf 81' lang='lat'><strong>525</strong></span> <span class='ocrx_word' id='word_1_245' title='bbox 672 3673 741 3735; x_wconf 91' lang='lat' dir='ltr'><strong>sqq.</strong></span> <span class='ocrx_word' id='word_1_246' title='bbox 778 3653 889 3718; x_wconf 93' lang='lat' dir='ltr'><strong>dubito</strong></span> <span class='ocrx_word' id='word_1_247' title='bbox 919 3675 961 3718; x_wconf 92' lang='lat' dir='ltr'><strong>an</strong></span> <span class='ocrx_word' id='word_1_248' title='bbox 997 3653 1098 3719; x_wconf 91' lang='lat' dir='ltr'><strong>simile</strong></span> <span class='ocrx_word' id='word_1_249' title='bbox 1128 3653 1252 3736; x_wconf 90' lang='lat' dir='ltr'><strong>aliquid</strong></span> <span class='ocrx_word' id='word_1_250' title='bbox 1279 3652 1387 3718; x_wconf 90' lang='lat' dir='ltr'><strong>animo</strong></span> <span class='ocrx_word' id='word_1_251' title='bbox 1416 3655 1485 3720; x_wconf 90' lang='lat' dir='ltr'><strong>eius</strong></span> 
     </span>
     <span class='ocr_line' id='line_1_34' title="bbox 342 3754 1485 3840; baseline 0.002 -20"><span class='ocrx_word' id='word_1_252' title='bbox 342 3756 547 3822; x_wconf 88' lang='lat' dir='ltr'><strong>obversatum</strong></span> <span class='ocrx_word' id='word_1_253' title='bbox 580 3755 631 3822; x_wconf 91' lang='lat' dir='ltr'><strong>sit.</strong></span> <span class='ocrx_word' id='word_1_254' title='bbox 684 3754 858 3822; x_wconf 84' lang='lat' dir='ltr'><strong>Efficiebat</strong></span> <span class='ocrx_word' id='word_1_255' title='bbox 891 3763 999 3822; x_wconf 89' lang='lat' dir='ltr'><strong>autem</strong></span> <span class='ocrx_word' id='word_1_256' title='bbox 1031 3756 1124 3839; x_wconf 89' lang='lat' dir='ltr'><strong>illud,</strong></span> <span class='ocrx_word' id='word_1_257' title='bbox 1160 3755 1246 3838; x_wconf 91' lang='lat' dir='ltr'><strong>quod</strong></span> <span class='ocrx_word' id='word_1_258' title='bbox 1280 3757 1418 3840; x_wconf 89' lang='lat' dir='ltr'><strong>optabat</strong></span> <span class='ocrx_word' id='word_1_259' title='bbox 1454 3764 1485 3822; x_wconf 91' lang='lat' dir='ltr'><strong>et</strong></span> 
     </span>
     <span class='ocr_line' id='line_1_35' title="bbox 341 3858 1483 3943; baseline 0.003 -20"><span class='ocrx_word' id='word_1_260' title='bbox 341 3859 484 3943; x_wconf 90' lang='lat' dir='ltr'><strong>petebat,</strong></span> <span class='ocrx_word' id='word_1_261' title='bbox 520 3858 606 3940; x_wconf 94' lang='lat' dir='ltr'><strong>quod</strong></span> <span class='ocrx_word' id='word_1_262' title='bbox 639 3858 778 3943; x_wconf 87' lang='lat' dir='ltr'><strong>fabulas,</strong></span> <span class='ocrx_word' id='word_1_263' title='bbox 813 3865 983 3942; x_wconf 88' lang='lat' dir='ltr'><strong>postquam</strong></span> <span class='ocrx_word' id='word_1_264' title='bbox 1017 3864 1111 3924; x_wconf 88' lang='lat' dir='ltr'><strong>actae</strong></span> <span class='ocrx_word' id='word_1_265' title='bbox 1147 3865 1228 3943; x_wconf 89' lang='lat' dir='ltr'><strong>sunt,</strong></span> <span class='ocrx_word' id='word_1_266' title='bbox 1263 3879 1320 3924; x_wconf 92' lang='lat' dir='ltr'><strong>suo</strong></span> <span class='ocrx_word' id='word_1_267' title='bbox 1355 3861 1483 3926; x_wconf 90' lang='lat' dir='ltr'><strong>nomine</strong></span> 
     </span>
     <span class='ocr_line' id='line_1_36' title="bbox 340 3960 1484 4047; baseline 0.001 -19"><span class='ocrx_word' id='word_1_268' title='bbox 340 3962 485 4046; x_wconf 85' lang='lat' dir='ltr'><strong>praefixo</strong></span> <span class='ocrx_word' id='word_1_269' title='bbox 513 3962 601 4027; x_wconf 82' lang='lat' dir='ltr'><strong>toras</strong></span> <span class='ocrx_word' id='word_1_270' title='bbox 632 3960 747 4028; x_wconf 92' lang='lat' dir='ltr'><strong>dabat:</strong></span> <span class='ocrx_word' id='word_1_271' title='bbox 775 3962 838 4028; x_wconf 92' lang='lat' dir='ltr'><strong>hoc</strong></span> <span class='ocrx_word' id='word_1_272' title='bbox 867 3962 962 4028; x_wconf 93' lang='lat' dir='ltr'><strong>modo</strong></span> <span class='ocrx_word' id='word_1_273' title='bbox 993 3962 1128 4028; x_wconf 92' lang='lat' dir='ltr'><strong>innotuit</strong></span> <span class='ocrx_word' id='word_1_274' title='bbox 1158 3981 1253 4028; x_wconf 91' lang='lat' dir='ltr'><strong>verus</strong></span> <span class='ocrx_word' id='word_1_275' title='bbox 1281 3968 1391 4047; x_wconf 89' lang='lat' dir='ltr'><strong>poeta,</strong></span> <span class='ocrx_word' id='word_1_276' title='bbox 1422 3964 1484 4030; x_wconf 90' lang='lat' dir='ltr'><strong>hoo</strong></span> 
     </span>
     <span class='ocr_line' id='line_1_37' title="bbox 343 4064 619 4136; baseline -0.022 0"><span class='ocrx_word' id='word_1_277' title='bbox 343 4064 438 4136; x_wconf 90' lang='lat' dir='ltr'><strong>modo</strong></span> <span class='ocrx_word' id='word_1_278' title='bbox 461 4064 619 4131; x_wconf 88' lang='lat' dir='ltr'><strong>inclaruit.</strong></span> 
     </span>
    </p>

    <p class='ocr_par' dir='ltr' id='par_1_9' title="bbox 340 4167 1483 4565">
     <span class='ocr_line' id='line_1_38' title="bbox 428 4167 1483 4253; baseline 0.002 -19"><span class='ocrx_word' id='word_1_279' title='bbox 428 4168 519 4246; x_wconf 81' lang='lat' dir='ltr'><strong>Quae</strong></span> <span class='ocrx_word' id='word_1_280' title='bbox 561 4168 588 4234; x_wconf 94' lang='lat' dir='ltr'><strong>si</strong></span> <span class='ocrx_word' id='word_1_281' title='bbox 630 4175 718 4235; x_wconf 87' lang='lat' dir='ltr'><strong>reete</strong></span> <span class='ocrx_word' id='word_1_282' title='bbox 755 4169 920 4252; x_wconf 90' lang='lat' dir='ltr'><strong>hucusque</strong></span> <span class='ocrx_word' id='word_1_283' title='bbox 959 4169 1205 4253; x_wconf 89' lang='lat' dir='ltr'><strong>disputavimus,</strong></span> <span class='ocrx_word' id='word_1_284' title='bbox 1248 4167 1483 4252; x_wconf 88' lang='lat' dir='ltr'><strong>Aristophanes</strong></span> 
     </span>
     <span class='ocr_line' id='line_1_39' title="bbox 340 4271 1483 4356; baseline 0.002 -19"><span class='ocrx_word' id='word_1_285' title='bbox 340 4291 563 4355; x_wconf 87' lang='lat' dir='ltr'><strong>quaecumque</strong></span> <span class='ocrx_word' id='word_1_286' title='bbox 586 4271 773 4356; x_wconf 88' lang='lat' dir='ltr'><strong>proferebat</strong></span> <span class='ocrx_word' id='word_1_287' title='bbox 796 4273 836 4338; x_wconf 87' lang='lat' dir='ltr'><strong>de</strong></span> <span class='ocrx_word' id='word_1_288' title='bbox 861 4272 949 4338; x_wconf 91' lang='lat' dir='ltr'><strong>chori</strong></span> <span class='ocrx_word' id='word_1_289' title='bbox 972 4272 1125 4355; x_wconf 82' lang='lat' dir='ltr'><strong>magistro</strong></span> <span class='ocrx_word' id='word_1_290' title='bbox 1149 4273 1200 4337; x_wconf 85' lang='lat' dir='ltr'><strong>vol</strong></span> <span class='ocrx_word' id='word_1_291' title='bbox 1217 4271 1257 4337; x_wconf 89' lang='lat' dir='ltr'><strong>de</strong></span> <span class='ocrx_word' id='word_1_292' title='bbox 1273 4277 1371 4356; x_wconf 90' lang='lat' dir='ltr'><strong>poeta</strong></span> <span class='ocrx_word' id='word_1_293' title='bbox 1387 4272 1421 4337; x_wconf 94' lang='lat' dir='ltr'><strong>in</strong></span> <span class='ocrx_word' id='word_1_294' title='bbox 1438 4274 1483 4339; x_wconf 91' lang='lat' dir='ltr'><strong>eis</strong></span> 
     </span>
     <span class='ocr_line' id='line_1_40' title="bbox 341 4375 1482 4460; baseline 0.003 -21"><span class='ocrx_word' id='word_1_295' title='bbox 341 4375 467 4460; x_wconf 86' lang='lat' dir='ltr'><strong>fabulis,</strong></span> <span class='ocrx_word' id='word_1_296' title='bbox 499 4395 579 4458; x_wconf 90' lang='lat' dir='ltr'><strong>quas</strong></span> <span class='ocrx_word' id='word_1_297' title='bbox 607 4397 671 4441; x_wconf 91' lang='lat' dir='ltr'><strong>non</strong></span> <span class='ocrx_word' id='word_1_298' title='bbox 699 4376 769 4459; x_wconf 91' lang='lat' dir='ltr'><strong>ipse</strong></span> <span class='ocrx_word' id='word_1_299' title='bbox 797 4376 946 4460; x_wconf 89' lang='lat' dir='ltr'><strong>docebat,</strong></span> <span class='ocrx_word' id='word_1_300' title='bbox 978 4376 1024 4442; x_wconf 91' lang='lat' dir='ltr'><strong>ita</strong></span> <span class='ocrx_word' id='word_1_301' title='bbox 1052 4397 1239 4460; x_wconf 89' lang='lat' dir='ltr'><strong>comparare</strong></span> <span class='ocrx_word' id='word_1_302' title='bbox 1267 4375 1420 4460; x_wconf 86' lang='lat' dir='ltr'><strong>debebat,</strong></span> <span class='ocrx_word' id='word_1_303' title='bbox 1450 4385 1482 4442; x_wconf 90' lang='lat' dir='ltr'><strong>ut</strong></span> 
     </span>
     <span class='ocr_line' id='line_1_41' title="bbox 341 4479 1482 4565; baseline 0.001 -22"><span class='ocrx_word' id='word_1_304' title='bbox 341 4480 384 4543; x_wconf 90' lang='lat' dir='ltr'><strong>ad</strong></span> <span class='ocrx_word' id='word_1_305' title='bbox 421 4484 552 4563; x_wconf 91' lang='lat' dir='ltr'><strong>poetam</strong></span> <span class='ocrx_word' id='word_1_306' title='bbox 588 4479 830 4565; x_wconf 89' lang='lat' dir='ltr'><strong>suppositioium</strong></span> <span class='ocrx_word' id='word_1_307' title='bbox 873 4479 984 4546; x_wconf 88' lang='lat' dir='ltr'><strong>referri</strong></span> <span class='ocrx_word' id='word_1_308' title='bbox 1025 4486 1171 4564; x_wconf 89' lang='lat' dir='ltr'><strong>possent,</strong></span> <span class='ocrx_word' id='word_1_309' title='bbox 1216 4479 1304 4546; x_wconf 91' lang='lat' dir='ltr'><strong>euius</strong></span> <span class='ocrx_word' id='word_1_310' title='bbox 1346 4479 1482 4546; x_wconf 90' lang='lat' dir='ltr'><strong>fictionis</strong></span> 
     </span>
    </p>
   </div>
   <div class='ocr_carea' id='block_1_4' title="bbox 0 0 1574 5266">
    <p class='ocr_par' dir='ltr' id='par_1_10' title="bbox 0 0 1574 5266">
     <span class='ocr_line' id='line_1_42' title="bbox 0 0 1574 5266; baseline 0 2"><span class='ocrx_word' id='word_1_311' title='bbox 0 0 1574 5266; x_wconf 95' lang='lat' dir='ltr'><strong> </strong></span> 
     </span>
    </p>
   </div>
  </div>
 </body>
</html>
