<?xml version="1.0" encoding="UTF-8"?>
<!DOCTYPE html PUBLIC "-//W3C//DTD XHTML 1.0 Transitional//EN"
    "http://www.w3.org/TR/xhtml1/DTD/xhtml1-transitional.dtd">
<html xmlns="http://www.w3.org/1999/xhtml" xml:lang="en" lang="en">
 <head>
  <title>
</title>
<meta http-equiv="Content-Type" content="text/html;charset=utf-8" />
  <meta name='ocr-system' content='tesseract 3.04.00' />
  <meta name='ocr-capabilities' content='ocr_page ocr_carea ocr_par ocr_line ocrx_word'/>
</head>
<body>
  <div class='ocr_page' id='page_1' title='image "./decallistratoet00briegoog_0023.png"; bbox 0 0 3140 5266; ppageno 0'>
   <div class='ocr_carea' id='block_1_1' title="bbox 777 385 988 448">
    <p class='ocr_par' dir='ltr' id='par_1_1' title="bbox 777 385 988 448">
     <span class='ocr_line' id='line_1_1' title="bbox 777 385 988 448; baseline 0.005 -18"><span class='ocrx_word' id='word_1_1' title='bbox 777 385 904 448; x_wconf 73' lang='lat'>..12</span> <span class='ocrx_word' id='word_1_2' title='bbox 952 421 988 431; x_wconf 92' lang='lat'>-.</span> 
     </span>
    </p>
   </div>
   <div class='ocr_carea' id='block_1_2' title="bbox 239 571 1559 2527">
    <p class='ocr_par' dir='ltr' id='par_1_2' title="bbox 239 571 1559 2527">
     <span class='ocr_line' id='line_1_2' title="bbox 322 571 1466 658; baseline -0.002 -20"><span class='ocrx_word' id='word_1_3' title='bbox 322 573 467 658; x_wconf 90' lang='lat' dir='ltr'>innotuit,</span> <span class='ocrx_word' id='word_1_4' title='bbox 491 593 614 640; x_wconf 88' lang='lat' dir='ltr'>summa</span> <span class='ocrx_word' id='word_1_5' title='bbox 637 593 671 640; x_wconf 91' lang='lat' dir='ltr'>se</span> <span class='ocrx_word' id='word_1_6' title='bbox 695 573 798 656; x_wconf 89' lang='lat' dir='ltr'>gloria</span> <span class='ocrx_word' id='word_1_7' title='bbox 821 578 994 638; x_wconf 88' lang='lat' dir='ltr'>ornaverat</span> <span class='ocrx_word' id='word_1_8' title='bbox 1016 573 1095 656; x_wconf 88' lang='lat' dir='ltr'>ipse,</span> <span class='ocrx_word' id='word_1_9' title='bbox 1125 571 1244 655; x_wconf 88' lang='lat' dir='ltr'>ingenii</span> <span class='ocrx_word' id='word_1_10' title='bbox 1268 593 1332 636; x_wconf 86' lang='lat' dir='ltr'>non</span> <span class='ocrx_word' id='word_1_11' title='bbox 1354 571 1466 636; x_wconf 86' lang='lat' dir='ltr'>miuus</span> 
     </span>
     <span class='ocr_line' id='line_1_3' title="bbox 321 675 1464 764; baseline -0.002 -20"><span class='ocrx_word' id='word_1_12' title='bbox 321 679 522 764; x_wconf 83' lang='lat' dir='ltr'>praestantia</span> <span class='ocrx_word' id='word_1_13' title='bbox 553 679 751 762; x_wconf 90' lang='lat' dir='ltr'>perspicuus,</span> <span class='ocrx_word' id='word_1_14' title='bbox 787 699 883 761; x_wconf 89' lang='lat' dir='ltr'>quam</span> <span class='ocrx_word' id='word_1_15' title='bbox 910 677 1085 744; x_wconf 90' lang='lat' dir='ltr'>studiorum</span> <span class='ocrx_word' id='word_1_16' title='bbox 1112 676 1245 760; x_wconf 90' lang='lat' dir='ltr'>insignis</span> <span class='ocrx_word' id='word_1_17' title='bbox 1272 675 1464 742; x_wconf 87' lang='lat' dir='ltr'>nobihtate:</span> 
     </span>
     <span class='ocr_line' id='line_1_4' title="bbox 322 780 1466 867; baseline -0.003 -19"><span class='ocrx_word' id='word_1_18' title='bbox 322 789 474 867; x_wconf 89' lang='lat' dir='ltr'>parentes</span> <span class='ocrx_word' id='word_1_19' title='bbox 496 782 646 865; x_wconf 78' lang='lat' dir='ltr'>equidem</span> <span class='ocrx_word' id='word_1_20' title='bbox 667 804 730 848; x_wconf 92' lang='lat' dir='ltr'>non</span> <span class='ocrx_word' id='word_1_21' title='bbox 753 783 859 848; x_wconf 90' lang='lat' dir='ltr'>infimo</span> <span class='ocrx_word' id='word_1_22' title='bbox 881 784 952 848; x_wconf 94' lang='lat' dir='ltr'>loco</span> <span class='ocrx_word' id='word_1_23' title='bbox 978 788 1071 848; x_wconf 89' lang='lat' dir='ltr'>natos</span> <span class='ocrx_word' id='word_1_24' title='bbox 1093 802 1198 864; x_wconf 91' lang='lat' dir='ltr'>neque</span> <span class='ocrx_word' id='word_1_25' title='bbox 1221 780 1380 864; x_wconf 83' lang='lat' dir='ltr'>ignobiles</span> <span class='ocrx_word' id='word_1_26' title='bbox 1403 780 1466 844; x_wconf 90' lang='lat' dir='ltr'>ho-</span> 
     </span>
     <span class='ocr_line' id='line_1_5' title="bbox 322 884 1466 970; baseline -0.003 -20"><span class='ocrx_word' id='word_1_27' title='bbox 322 887 423 952; x_wconf 90' lang='lat' dir='ltr'>mines</span> <span class='ocrx_word' id='word_1_28' title='bbox 446 886 543 952; x_wconf 85' lang='lat' dir='ltr'>fuisse</span> <span class='ocrx_word' id='word_1_29' title='bbox 568 886 768 952; x_wconf 79' lang='lat' dir='ltr'><strong>crediderim.</strong></span> <span class='ocrx_word' id='word_1_30' title='bbox 813 887 927 969; x_wconf 81' lang='lat' dir='ltr'>Neque</span> <span class='ocrx_word' id='word_1_31' title='bbox 950 885 977 952; x_wconf 91' lang='lat' dir='ltr'>si</span> <span class='ocrx_word' id='word_1_32' title='bbox 1000 886 1134 970; x_wconf 87' lang='lat' dir='ltr'>primurn</span> <span class='ocrx_word' id='word_1_33' title='bbox 1158 885 1226 952; x_wconf 76' lang='lat' dir='ltr'>eiua</span> <span class='ocrx_word' id='word_1_34' title='bbox 1249 884 1281 948; x_wconf 92' lang='lat' dir='ltr'>in</span> <span class='ocrx_word' id='word_1_35' title='bbox 1297 885 1466 950; x_wconf 79' lang='lat' dir='ltr'>theatrum</span> 
     </span>
     <span class='ocr_line' id='line_1_6' title="bbox 321 987 1466 1074; baseline -0.003 -20"><span class='ocrx_word' id='word_1_36' title='bbox 321 990 499 1072; x_wconf 87' lang='lat' dir='ltr'>ingressum</span> <span class='ocrx_word' id='word_1_37' title='bbox 521 996 578 1056; x_wconf 91' lang='lat' dir='ltr'>aut</span> <span class='ocrx_word' id='word_1_38' title='bbox 592 997 693 1056; x_wconf 90' lang='lat' dir='ltr'>totam</span> <span class='ocrx_word' id='word_1_39' title='bbox 706 990 774 1056; x_wconf 88' lang='lat' dir='ltr'>cius</span> <span class='ocrx_word' id='word_1_40' title='bbox 791 990 900 1074; x_wconf 88' lang='lat' dir='ltr'>vitam,</span> <span class='ocrx_word' id='word_1_41' title='bbox 924 995 1077 1072; x_wconf 90' lang='lat' dir='ltr'>quantum</span> <span class='ocrx_word' id='word_1_42' title='bbox 1091 989 1125 1055; x_wconf 92' lang='lat' dir='ltr'>id</span> <span class='ocrx_word' id='word_1_43' title='bbox 1140 989 1225 1072; x_wconf 90' lang='lat' dir='ltr'>licet,</span> <span class='ocrx_word' id='word_1_44' title='bbox 1250 987 1466 1072; x_wconf 89' lang='lat' dir='ltr'>contemplor,</span> 
     </span>
     <span class='ocr_line' id='line_1_7' title="bbox 322 1092 1464 1179; baseline -0.004 -19"><span class='ocrx_word' id='word_1_45' title='bbox 322 1114 482 1179; x_wconf 82' lang='lat' dir='ltr'>pauperes</span> <span class='ocrx_word' id='word_1_46' title='bbox 515 1115 571 1160; x_wconf 90' lang='lat' dir='ltr'>cos</span> <span class='ocrx_word' id='word_1_47' title='bbox 604 1095 701 1161; x_wconf 83' lang='lat' dir='ltr'>fuisse</span> <span class='ocrx_word' id='word_1_48' title='bbox 736 1101 768 1161; x_wconf 90' lang='lat' dir='ltr'>ct</span> <span class='ocrx_word' id='word_1_49' title='bbox 795 1094 839 1160; x_wconf 89' lang='lat' dir='ltr'>ad</span> <span class='ocrx_word' id='word_1_50' title='bbox 865 1094 1036 1160; x_wconf 86' lang='lat' dir='ltr'>illiberalia</span> <span class='ocrx_word' id='word_1_51' title='bbox 1064 1093 1196 1177; x_wconf 90' lang='lat' dir='ltr'>negotia</span> <span class='ocrx_word' id='word_1_52' title='bbox 1227 1098 1358 1158; x_wconf 89' lang='lat' dir='ltr'>coactos</span> <span class='ocrx_word' id='word_1_53' title='bbox 1381 1092 1464 1157; x_wconf 90' lang='lat' dir='ltr'>mihi</span> 
     </span>
     <span class='ocr_line' id='line_1_8' title="bbox 323 1196 1466 1282; baseline -0.002 -20"><span class='ocrx_word' id='word_1_54' title='bbox 323 1198 518 1280; x_wconf 90' lang='lat' dir='ltr'>persuadere</span> <span class='ocrx_word' id='word_1_55' title='bbox 542 1218 633 1280; x_wconf 91' lang='lat' dir='ltr'>queo.</span> <span class='ocrx_word' id='word_1_56' title='bbox 681 1199 780 1264; x_wconf 88' lang='lat' dir='ltr'>Omne</span> <span class='ocrx_word' id='word_1_57' title='bbox 805 1198 890 1265; x_wconf 91' lang='lat' dir='ltr'>enim</span> <span class='ocrx_word' id='word_1_58' title='bbox 912 1219 933 1262; x_wconf 93' lang='lat' dir='ltr'>a</span> <span class='ocrx_word' id='word_1_59' title='bbox 955 1204 1061 1263; x_wconf 89' lang='lat' dir='ltr'>nostro</span> <span class='ocrx_word' id='word_1_60' title='bbox 1077 1203 1176 1282; x_wconf 90' lang='lat' dir='ltr'>pocta</span> <span class='ocrx_word' id='word_1_61' title='bbox 1191 1198 1284 1263; x_wconf 87' lang='lat' dir='ltr'>abest</span> <span class='ocrx_word' id='word_1_62' title='bbox 1300 1196 1466 1262; x_wconf 88' lang='lat' dir='ltr'>commodi</span> 
     </span>
     <span class='ocr_line' id='line_1_9' title="bbox 322 1300 1464 1388; baseline 0.002 -22"><span class='ocrx_word' id='word_1_63' title='bbox 322 1300 371 1366; x_wconf 88' lang='lat' dir='ltr'>sui</span> <span class='ocrx_word' id='word_1_64' title='bbox 394 1301 561 1367; x_wconf 82' lang='lat' dir='ltr'>studium.“</span> <span class='ocrx_word' id='word_1_65' title='bbox 593 1303 679 1368; x_wconf 88' lang='lat' dir='ltr'>Raro</span> <span class='ocrx_word' id='word_1_66' title='bbox 703 1302 831 1386; x_wconf 90' lang='lat' dir='ltr'>ingenio</span> <span class='ocrx_word' id='word_1_67' title='bbox 847 1303 1013 1388; x_wconf 89' lang='lat' dir='ltr'>praeditus</span> <span class='ocrx_word' id='word_1_68' title='bbox 1028 1303 1207 1370; x_wconf 88' lang='lat' dir='ltr'>destinatus</span> <span class='ocrx_word' id='word_1_69' title='bbox 1222 1304 1464 1388; x_wconf 87' lang='lat' dir='ltr'>quodammodo</span> 
     </span>
     <span class='ocr_line' id='line_1_10' title="bbox 323 1403 1466 1492; baseline 0.003 -24"><span class='ocrx_word' id='word_1_70' title='bbox 323 1403 382 1468; x_wconf 85' lang='lat' dir='ltr'>luit</span> <span class='ocrx_word' id='word_1_71' title='bbox 404 1404 635 1489; x_wconf 80' lang='lat' dir='ltr'>Aristophanes</span> <span class='ocrx_word' id='word_1_72' title='bbox 665 1407 709 1472; x_wconf 91' lang='lat' dir='ltr'>ad</span> <span class='ocrx_word' id='word_1_73' title='bbox 737 1408 859 1492; x_wconf 87' lang='lat' dir='ltr'>poesin,</span> <span class='ocrx_word' id='word_1_74' title='bbox 891 1428 988 1490; x_wconf 88' lang='lat' dir='ltr'>quam</span> <span class='ocrx_word' id='word_1_75' title='bbox 1015 1429 1132 1490; x_wconf 89' lang='lat' dir='ltr'>magno</span> <span class='ocrx_word' id='word_1_76' title='bbox 1160 1429 1268 1474; x_wconf 90' lang='lat' dir='ltr'>amore</span> <span class='ocrx_word' id='word_1_77' title='bbox 1291 1409 1466 1492; x_wconf 84' lang='lat' dir='ltr'>amplexus</span> 
     </span>
     <span class='ocr_line' id='line_1_11' title="bbox 323 1507 1466 1596; baseline 0.004 -25"><span class='ocrx_word' id='word_1_78' title='bbox 323 1507 504 1574; x_wconf 90' lang='lat' dir='ltr'>bellissimis</span> <span class='ocrx_word' id='word_1_79' title='bbox 542 1509 672 1576; x_wconf 90' lang='lat' dir='ltr'>floribus</span> <span class='ocrx_word' id='word_1_80' title='bbox 710 1510 892 1595; x_wconf 84' lang='lat' dir='ltr'>exonravit,</span> <span class='ocrx_word' id='word_1_81' title='bbox 933 1532 1005 1576; x_wconf 92' lang='lat' dir='ltr'>cum</span> <span class='ocrx_word' id='word_1_82' title='bbox 1041 1512 1103 1576; x_wconf 89' lang='lat' dir='ltr'>arti</span> <span class='ocrx_word' id='word_1_83' title='bbox 1136 1532 1214 1578; x_wconf 88' lang='lat' dir='ltr'>suae</span> <span class='ocrx_word' id='word_1_84' title='bbox 1247 1511 1325 1576; x_wconf 89' lang='lat' dir='ltr'>artis</span> <span class='ocrx_word' id='word_1_85' title='bbox 1359 1512 1466 1596; x_wconf 90' lang='lat' dir='ltr'>ipsius</span> 
     </span>
     <span class='ocr_line' id='line_1_12' title="bbox 323 1614 1464 1699; baseline 0.003 -21"><span class='ocrx_word' id='word_1_86' title='bbox 323 1632 438 1678; x_wconf 87' lang='lat' dir='ltr'>caussa</span> <span class='ocrx_word' id='word_1_87' title='bbox 461 1632 495 1680; x_wconf 91' lang='lat' dir='ltr'>se</span> <span class='ocrx_word' id='word_1_88' title='bbox 519 1614 611 1680; x_wconf 91' lang='lat' dir='ltr'>daret</span> <span class='ocrx_word' id='word_1_89' title='bbox 634 1621 667 1679; x_wconf 88' lang='lat' dir='ltr'>ct</span> <span class='ocrx_word' id='word_1_90' title='bbox 689 1614 767 1680; x_wconf 91' lang='lat' dir='ltr'>darc</span> <span class='ocrx_word' id='word_1_91' title='bbox 790 1622 909 1699; x_wconf 90' lang='lat' dir='ltr'>posset,</span> <span class='ocrx_word' id='word_1_92' title='bbox 934 1634 968 1680; x_wconf 92' lang='lat' dir='ltr'>se</span> <span class='ocrx_word' id='word_1_93' title='bbox 992 1615 1136 1696; x_wconf 90' lang='lat' dir='ltr'>aliosque</span> <span class='ocrx_word' id='word_1_94' title='bbox 1159 1616 1343 1698; x_wconf 78' lang='lat' dir='ltr'>oblectans3</span> <span class='ocrx_word' id='word_1_95' title='bbox 1375 1636 1464 1697; x_wconf 89' lang='lat' dir='ltr'>quae</span> 
     </span>
     <span class='ocr_line' id='line_1_13' title="bbox 323 1717 1464 1802; baseline 0 -20"><span class='ocrx_word' id='word_1_96' title='bbox 323 1721 425 1782; x_wconf 89' lang='lat' dir='ltr'>artem</span> <span class='ocrx_word' id='word_1_97' title='bbox 447 1724 564 1801; x_wconf 92' lang='lat' dir='ltr'>poetae</span> <span class='ocrx_word' id='word_1_98' title='bbox 588 1717 800 1802; x_wconf 81' lang='lat' dir='ltr'>excedebant,</span> <span class='ocrx_word' id='word_1_99' title='bbox 823 1718 936 1784; x_wconf 91' lang='lat' dir='ltr'>reiecit</span> <span class='ocrx_word' id='word_1_100' title='bbox 959 1725 993 1784; x_wconf 88' lang='lat' dir='ltr'>ut</span> <span class='ocrx_word' id='word_1_101' title='bbox 1014 1720 1150 1784; x_wconf 90' lang='lat' dir='ltr'>molesta</span> <span class='ocrx_word' id='word_1_102' title='bbox 1172 1724 1205 1784; x_wconf 90' lang='lat' dir='ltr'>et</span> <span class='ocrx_word' id='word_1_103' title='bbox 1219 1718 1387 1785; x_wconf 83' lang='lat' dir='ltr'>fastidivit.</span> <span class='ocrx_word' id='word_1_104' title='bbox 1419 1719 1464 1784; x_wconf 86' lang='lat' dir='ltr'>Et</span> 
     </span>
     <span class='ocr_line' id='line_1_14' title="bbox 323 1819 1464 1906; baseline 0.003 -23"><span class='ocrx_word' id='word_1_105' title='bbox 323 1819 458 1885; x_wconf 91' lang='lat' dir='ltr'>molesta</span> <span class='ocrx_word' id='word_1_106' title='bbox 491 1841 554 1884; x_wconf 92' lang='lat' dir='ltr'>non</span> <span class='ocrx_word' id='word_1_107' title='bbox 588 1821 684 1887; x_wconf 93' lang='lat' dir='ltr'>dubie</span> <span class='ocrx_word' id='word_1_108' title='bbox 718 1821 850 1904; x_wconf 89' lang='lat' dir='ltr'>negotia</span> <span class='ocrx_word' id='word_1_109' title='bbox 883 1822 1035 1888; x_wconf 90' lang='lat' dir='ltr'>scaenica</span> <span class='ocrx_word' id='word_1_110' title='bbox 1065 1821 1201 1905; x_wconf 85' lang='lat' dir='ltr'>luerunt,</span> <span class='ocrx_word' id='word_1_111' title='bbox 1237 1821 1358 1906; x_wconf 90' lang='lat' dir='ltr'>quippe</span> <span class='ocrx_word' id='word_1_112' title='bbox 1389 1841 1464 1887; x_wconf 89' lang='lat' dir='ltr'>cum</span> 
     </span>
     <span class='ocr_line' id='line_1_15' title="bbox 323 1923 1465 2010; baseline 0.003 -22"><span class='ocrx_word' id='word_1_113' title='bbox 323 1923 509 1990; x_wconf 90' lang='lat' dir='ltr'>archontem</span> <span class='ocrx_word' id='word_1_114' title='bbox 536 1924 626 1990; x_wconf 90' lang='lat' dir='ltr'>adire</span> <span class='ocrx_word' id='word_1_115' title='bbox 656 1926 849 2008; x_wconf 91' lang='lat' dir='ltr'>chorumque</span> <span class='ocrx_word' id='word_1_116' title='bbox 877 1927 918 1991; x_wconf 89' lang='lat' dir='ltr'>ab</span> <span class='ocrx_word' id='word_1_117' title='bbox 950 1947 989 1991; x_wconf 94' lang='lat' dir='ltr'>eo</span> <span class='ocrx_word' id='word_1_118' title='bbox 1017 1931 1128 2010; x_wconf 89' lang='lat' dir='ltr'>petere</span> <span class='ocrx_word' id='word_1_119' title='bbox 1151 1945 1231 2010; x_wconf 92' lang='lat' dir='ltr'>opus</span> <span class='ocrx_word' id='word_1_120' title='bbox 1253 1931 1341 1990; x_wconf 90' lang='lat' dir='ltr'>esset</span> <span class='ocrx_word' id='word_1_121' title='bbox 1364 1931 1465 2008; x_wconf 90' lang='lat' dir='ltr'>atque</span> 
     </span>
     <span class='ocr_line' id='line_1_16' title="bbox 324 2026 1466 2113; baseline 0.004 -23"><span class='ocrx_word' id='word_1_122' title='bbox 324 2026 496 2092; x_wconf 79' lang='lat' dir='ltr'>choraulae</span> <span class='ocrx_word' id='word_1_123' title='bbox 528 2035 560 2093; x_wconf 86' lang='lat' dir='ltr'>et</span> <span class='ocrx_word' id='word_1_124' title='bbox 590 2035 716 2094; x_wconf 91' lang='lat' dir='ltr'>actores</span> <span class='ocrx_word' id='word_1_125' title='bbox 744 2028 930 2094; x_wconf 90' lang='lat' dir='ltr'>instituendi</span> <span class='ocrx_word' id='word_1_126' title='bbox 958 2034 1074 2113; x_wconf 90' lang='lat' dir='ltr'>essent,</span> <span class='ocrx_word' id='word_1_127' title='bbox 1107 2048 1169 2110; x_wconf 94' lang='lat' dir='ltr'>quo</span> <span class='ocrx_word' id='word_1_128' title='bbox 1192 2028 1225 2093; x_wconf 93' lang='lat' dir='ltr'>in</span> <span class='ocrx_word' id='word_1_129' title='bbox 1247 2048 1379 2094; x_wconf 90' lang='lat' dir='ltr'>munere</span> <span class='ocrx_word' id='word_1_130' title='bbox 1402 2030 1466 2094; x_wconf 87' lang='lat' dir='ltr'>nisi</span> 
     </span>
     <span class='ocr_line' id='line_1_17' title="bbox 324 2129 1466 2217; baseline 0.004 -24"><span class='ocrx_word' id='word_1_131' title='bbox 324 2129 394 2211; x_wconf 93' lang='lat' dir='ltr'>quis</span> <span class='ocrx_word' id='word_1_132' title='bbox 417 2151 539 2196; x_wconf 89' lang='lat' dir='ltr'>summa</span> <span class='ocrx_word' id='word_1_133' title='bbox 562 2153 662 2216; x_wconf 90' lang='lat' dir='ltr'>opera</span> <span class='ocrx_word' id='word_1_134' title='bbox 685 2132 915 2215; x_wconf 83' lang='lat' dir='ltr'>diligentiaque</span> <span class='ocrx_word' id='word_1_135' title='bbox 931 2134 1091 2216; x_wconf 90' lang='lat' dir='ltr'>utebatur,</span> <span class='ocrx_word' id='word_1_136' title='bbox 1115 2139 1248 2198; x_wconf 89' lang='lat' dir='ltr'>eventus</span> <span class='ocrx_word' id='word_1_137' title='bbox 1263 2133 1318 2198; x_wconf 87' lang='lat' dir='ltr'>vix</span> <span class='ocrx_word' id='word_1_138' title='bbox 1333 2140 1466 2217; x_wconf 92' lang='lat' dir='ltr'>poterat</span> 
     </span>
     <span class='ocr_line' id='line_1_18' title="bbox 324 2223 1559 2321; baseline 0.003 -23"><span class='ocrx_word' id='word_1_139' title='bbox 324 2235 456 2318; x_wconf 91' lang='lat' dir='ltr'>sperari.</span> <span class='ocrx_word' id='word_1_140' title='bbox 492 2236 583 2314; x_wconf 79' lang='lat' dir='ltr'>Quae</span> <span class='ocrx_word' id='word_1_141' title='bbox 606 2237 857 2304; x_wconf 88' lang='lat' dir='ltr'>incommodant</span> <span class='ocrx_word' id='word_1_142' title='bbox 873 2237 1010 2304; x_wconf 88' lang='lat' dir='ltr'>evitaret</span> <span class='ocrx_word' id='word_1_143' title='bbox 1024 2236 1257 2321; x_wconf 85' lang='lat' dir='ltr'>Aristophanes</span> <span class='ocrx_word' id='word_1_144' title='bbox 1272 2236 1464 2320; x_wconf 86' lang='lat' dir='ltr'>saepissime</span> <span class='ocrx_word' id='word_1_145' title='bbox 1557 2223 1559 2237; x_wconf 61' lang='lat'><em>&#39;</em></span> 
     </span>
     <span class='ocr_line' id='line_1_19' title="bbox 239 2339 1466 2422; baseline -0.001 -18"><span class='ocrx_word' id='word_1_146' title='bbox 239 2389 241 2394; x_wconf 68' lang='lat'>,</span> <span class='ocrx_word' id='word_1_147' title='bbox 324 2359 383 2422; x_wconf 90' lang='lat' dir='ltr'>per</span> <span class='ocrx_word' id='word_1_148' title='bbox 406 2339 486 2406; x_wconf 88' lang='lat' dir='ltr'>alios</span> <span class='ocrx_word' id='word_1_149' title='bbox 509 2341 692 2406; x_wconf 82' lang='lat' dir='ltr'>comoedias</span> <span class='ocrx_word' id='word_1_150' title='bbox 715 2361 789 2406; x_wconf 89' lang='lat' dir='ltr'>suas</span> <span class='ocrx_word' id='word_1_151' title='bbox 806 2341 970 2406; x_wconf 91' lang='lat' dir='ltr'>docendas</span> <span class='ocrx_word' id='word_1_152' title='bbox 987 2339 1119 2422; x_wconf 86' lang='lat' dir='ltr'>curavit,</span> <span class='ocrx_word' id='word_1_153' title='bbox 1144 2339 1300 2422; x_wconf 91' lang='lat' dir='ltr'>cumipse</span> <span class='ocrx_word' id='word_1_154' title='bbox 1316 2339 1466 2422; x_wconf 87' lang='lat' dir='ltr'>magistri</span> 
     </span>
     <span class='ocr_line' id='line_1_20' title="bbox 324 2435 1558 2527; baseline 0.002 -21"><span class='ocrx_word' id='word_1_155' title='bbox 324 2462 455 2509; x_wconf 90' lang='lat' dir='ltr'>munere</span> <span class='ocrx_word' id='word_1_156' title='bbox 489 2444 568 2509; x_wconf 90' lang='lat' dir='ltr'>satis</span> <span class='ocrx_word' id='word_1_157' title='bbox 600 2466 673 2510; x_wconf 93' lang='lat' dir='ltr'>raro</span> <span class='ocrx_word' id='word_1_158' title='bbox 700 2445 895 2526; x_wconf 82' lang='lat' dir='ltr'>fungeretur.</span> <span class='ocrx_word' id='word_1_159' title='bbox 950 2443 1032 2521; x_wconf 81' lang='lat' dir='ltr'>Quin</span> <span class='ocrx_word' id='word_1_160' title='bbox 1060 2443 1158 2508; x_wconf 89' lang='lat' dir='ltr'>etiam</span> <span class='ocrx_word' id='word_1_161' title='bbox 1184 2443 1304 2527; x_wconf 89' lang='lat' dir='ltr'>primas</span> <span class='ocrx_word' id='word_1_162' title='bbox 1333 2443 1464 2510; x_wconf 86' lang='lat' dir='ltr'>fabulas</span> <span class='ocrx_word' id='word_1_163' title='bbox 1557 2435 1558 2470; x_wconf 74' lang='lat'><em>³</em></span> 
     </span>
    </p>
   </div>
   <div class='ocr_carea' id='block_1_3' title="bbox 325 2547 1559 2630">
    <p class='ocr_par' dir='ltr' id='par_1_3' title="bbox 325 2547 1559 2630">
     <span class='ocr_line' id='line_1_21' title="bbox 325 2547 1559 2630; baseline 0.001 -19"><span class='ocrx_word' id='word_1_164' title='bbox 325 2547 505 2630; x_wconf 89' lang='lat' dir='ltr'>putaverim</span> <span class='ocrx_word' id='word_1_165' title='bbox 526 2547 590 2613; x_wconf 90' lang='lat' dir='ltr'>hac</span> <span class='ocrx_word' id='word_1_166' title='bbox 613 2548 653 2613; x_wconf 91' lang='lat' dir='ltr'>de</span> <span class='ocrx_word' id='word_1_167' title='bbox 677 2568 793 2613; x_wconf 82' lang='lat' dir='ltr'>caussa</span> <span class='ocrx_word' id='word_1_168' title='bbox 815 2569 878 2614; x_wconf 91' lang='lat' dir='ltr'>non</span> <span class='ocrx_word' id='word_1_169' title='bbox 899 2547 1001 2612; x_wconf 90' lang='lat' dir='ltr'>minus</span> <span class='ocrx_word' id='word_1_170' title='bbox 1017 2567 1113 2629; x_wconf 91' lang='lat' dir='ltr'>quam</span> <span class='ocrx_word' id='word_1_171' title='bbox 1128 2553 1260 2630; x_wconf 89' lang='lat' dir='ltr'>propter</span> <span class='ocrx_word' id='word_1_172' title='bbox 1275 2547 1465 2614; x_wconf 89' lang='lat' dir='ltr'>adulesccn-</span> <span class='ocrx_word' id='word_1_173' title='bbox 1557 2611 1559 2629; x_wconf 68' lang='lat'>,</span> 
     </span>
    </p>
   </div>
   <div class='ocr_carea' id='block_1_4' title="bbox 325 2651 1284 2735">
    <p class='ocr_par' dir='ltr' id='par_1_4' title="bbox 325 2651 1284 2735">
     <span class='ocr_line' id='line_1_22' title="bbox 325 2651 1284 2735; baseline 0.002 -21"><span class='ocrx_word' id='word_1_174' title='bbox 325 2651 404 2715; x_wconf 90' lang='lat' dir='ltr'>tiam</span> <span class='ocrx_word' id='word_1_175' title='bbox 425 2651 647 2734; x_wconf 87' lang='lat' dir='ltr'>inscitiamque</span> <span class='ocrx_word' id='word_1_176' title='bbox 672 2652 855 2719; x_wconf 82' lang='lat' dir='ltr'>Callistrato</span> <span class='ocrx_word' id='word_1_177' title='bbox 879 2673 900 2718; x_wconf 91' lang='lat' dir='ltr'>a</span> <span class='ocrx_word' id='word_1_178' title='bbox 922 2657 1020 2735; x_wconf 90' lang='lat' dir='ltr'>poeta</span> <span class='ocrx_word' id='word_1_179' title='bbox 1043 2651 1179 2716; x_wconf 92' lang='lat' dir='ltr'>traditas</span> <span class='ocrx_word' id='word_1_180' title='bbox 1203 2671 1284 2717; x_wconf 89' lang='lat' dir='ltr'>esse.</span> 
     </span>
    </p>
   </div>
   <div class='ocr_carea' id='block_1_5' title="bbox 412 2754 1558 2840">
    <p class='ocr_par' dir='ltr' id='par_1_5' title="bbox 412 2754 1558 2840">
     <span class='ocr_line' id='line_1_23' title="bbox 412 2754 1558 2840; baseline 0.002 -20"><span class='ocrx_word' id='word_1_181' title='bbox 412 2756 556 2838; x_wconf 79' lang='lat' dir='ltr'>Cognitis</span> <span class='ocrx_word' id='word_1_182' title='bbox 582 2757 646 2821; x_wconf 93' lang='lat' dir='ltr'>iam</span> <span class='ocrx_word' id='word_1_183' title='bbox 675 2756 806 2840; x_wconf 88' lang='lat' dir='ltr'>caussis,</span> <span class='ocrx_word' id='word_1_184' title='bbox 836 2755 1126 2839; x_wconf 85' lang='lat' dir='ltr'>quibusimpulsus</span> <span class='ocrx_word' id='word_1_185' title='bbox 1148 2754 1382 2839; x_wconf 85' lang='lat' dir='ltr'>Aristophanes</span> <span class='ocrx_word' id='word_1_186' title='bbox 1406 2777 1465 2822; x_wconf 93' lang='lat' dir='ltr'>suo</span> <span class='ocrx_word' id='word_1_187' title='bbox 1557 2809 1558 2828; x_wconf 64' lang='grc'>,</span> 
     </span>
    </p>
   </div>
   <div class='ocr_carea' id='block_1_6' title="bbox 326 2858 1463 2944">
    <p class='ocr_par' dir='ltr' id='par_1_6' title="bbox 326 2858 1463 2944">
     <span class='ocr_line' id='line_1_24' title="bbox 326 2858 1463 2944; baseline 0.002 -22"><span class='ocrx_word' id='word_1_188' title='bbox 326 2859 451 2925; x_wconf 93' lang='lat' dir='ltr'>nomine</span> <span class='ocrx_word' id='word_1_189' title='bbox 486 2860 613 2926; x_wconf 86' lang='lat' dir='ltr'>fabulas</span> <span class='ocrx_word' id='word_1_190' title='bbox 651 2861 767 2926; x_wconf 91' lang='lat' dir='ltr'>docere</span> <span class='ocrx_word' id='word_1_191' title='bbox 801 2861 986 2944; x_wconf 90' lang='lat' dir='ltr'>plerumque</span> <span class='ocrx_word' id='word_1_192' title='bbox 1024 2860 1274 2942; x_wconf 84' lang='lat' dir='ltr'>supersedebat,</span> <span class='ocrx_word' id='word_1_193' title='bbox 1314 2858 1463 2941; x_wconf 90' lang='lat' dir='ltr'>quaestio</span> 
     </span>
    </p>
   </div>
   <div class='ocr_carea' id='block_1_7' title="bbox 327 2962 1559 3047">
    <p class='ocr_par' dir='ltr' id='par_1_7' title="bbox 327 2962 1559 3047">
     <span class='ocr_line' id='line_1_25' title="bbox 327 2962 1559 3047; baseline -0.006 -19"><span class='ocrx_word' id='word_1_194' title='bbox 327 2963 476 3047; x_wconf 87' lang='lat' dir='ltr'>exoritur,</span> <span class='ocrx_word' id='word_1_195' title='bbox 507 2970 611 3029; x_wconf 92' lang='lat' dir='ltr'>utrum</span> <span class='ocrx_word' id='word_1_196' title='bbox 634 2965 835 3030; x_wconf 82' lang='lat' dir='ltr'>Callistratus</span> <span class='ocrx_word' id='word_1_197' title='bbox 866 2969 899 3028; x_wconf 90' lang='lat' dir='ltr'>et</span> <span class='ocrx_word' id='word_1_198' title='bbox 921 2962 1105 3027; x_wconf 90' lang='lat' dir='ltr'>Philonides</span> <span class='ocrx_word' id='word_1_199' title='bbox 1135 2963 1373 3029; x_wconf 78' lang='lat' dir='ltr'>comoediarum</span> <span class='ocrx_word' id='word_1_200' title='bbox 1395 2963 1466 3028; x_wconf 92' lang='lat' dir='ltr'>Ari-</span> <span class='ocrx_word' id='word_1_201' title='bbox 1558 3003 1559 3020; x_wconf 41' lang='lat' dir='ltr'>t</span> 
     </span>
    </p>
   </div>
   <div class='ocr_carea' id='block_1_8' title="bbox 326 3067 1559 4603">
    <p class='ocr_par' dir='ltr' id='par_1_8' title="bbox 326 3067 1559 4603">
     <span class='ocr_line' id='line_1_26' title="bbox 327 3067 1466 3152; baseline -0.001 -21"><span class='ocrx_word' id='word_1_202' title='bbox 327 3067 585 3151; x_wconf 89' lang='lat' dir='ltr'>stophancamm,</span> <span class='ocrx_word' id='word_1_203' title='bbox 610 3088 690 3149; x_wconf 93' lang='lat' dir='ltr'>quas</span> <span class='ocrx_word' id='word_1_204' title='bbox 710 3068 881 3150; x_wconf 91' lang='lat' dir='ltr'>docebant,</span> <span class='ocrx_word' id='word_1_205' title='bbox 905 3067 972 3131; x_wconf 90' lang='lat' dir='ltr'>veri</span> <span class='ocrx_word' id='word_1_206' title='bbox 987 3073 1105 3150; x_wconf 91' lang='lat' dir='ltr'>poetae</span> <span class='ocrx_word' id='word_1_207' title='bbox 1120 3067 1223 3132; x_wconf 92' lang='lat' dir='ltr'>habiti</span> <span class='ocrx_word' id='word_1_208' title='bbox 1239 3067 1301 3132; x_wconf 90' lang='lat' dir='ltr'>sint</span> <span class='ocrx_word' id='word_1_209' title='bbox 1317 3089 1338 3132; x_wconf 91' lang='lat' dir='ltr'>a</span> <span class='ocrx_word' id='word_1_210' title='bbox 1352 3067 1466 3152; x_wconf 90' lang='lat' dir='ltr'>populi</span> 
     </span>
     <span class='ocr_line' id='line_1_27' title="bbox 326 3169 1467 3254; baseline 0.002 -21"><span class='ocrx_word' id='word_1_211' title='bbox 326 3169 527 3235; x_wconf 88' lang='lat' dir='ltr'>multitudine</span> <span class='ocrx_word' id='word_1_212' title='bbox 557 3192 669 3237; x_wconf 85' lang='lat' dir='ltr'>necne.</span> <span class='ocrx_word' id='word_1_213' title='bbox 719 3170 878 3253; x_wconf 86' lang='lat' dir='ltr'>Equidem</span> <span class='ocrx_word' id='word_1_214' title='bbox 900 3192 961 3254; x_wconf 90' lang='lat' dir='ltr'>ego</span> <span class='ocrx_word' id='word_1_215' title='bbox 985 3171 1018 3234; x_wconf 91' lang='lat' dir='ltr'>in</span> <span class='ocrx_word' id='word_1_216' title='bbox 1040 3176 1111 3236; x_wconf 91' lang='lat' dir='ltr'>utra</span> <span class='ocrx_word' id='word_1_217' title='bbox 1134 3171 1194 3236; x_wconf 93' lang='lat' dir='ltr'>sim</span> <span class='ocrx_word' id='word_1_218' title='bbox 1215 3171 1376 3236; x_wconf 88' lang='lat' dir='ltr'>sententia</span> <span class='ocrx_word' id='word_1_219' title='bbox 1399 3172 1467 3236; x_wconf 89' lang='lat' dir='ltr'>iam</span> 
     </span>
     <span class='ocr_line' id='line_1_28' title="bbox 328 3274 1467 3359; baseline 0.001 -20"><span class='ocrx_word' id='word_1_220' title='bbox 328 3274 527 3340; x_wconf 88' lang='lat' dir='ltr'>adumbravi.</span> <span class='ocrx_word' id='word_1_221' title='bbox 572 3274 818 3359; x_wconf 89' lang='lat' dir='ltr'>Aristophanem</span> <span class='ocrx_word' id='word_1_222' title='bbox 841 3274 935 3358; x_wconf 92' lang='lat' dir='ltr'>enim,</span> <span class='ocrx_word' id='word_1_223' title='bbox 965 3274 1151 3357; x_wconf 91' lang='lat' dir='ltr'>priusquam</span> <span class='ocrx_word' id='word_1_224' title='bbox 1173 3275 1306 3357; x_wconf 85' lang='lat' dir='ltr'>Equites</span> <span class='ocrx_word' id='word_1_225' title='bbox 1329 3294 1386 3340; x_wconf 92' lang='lat' dir='ltr'>suo</span> <span class='ocrx_word' id='word_1_226' title='bbox 1410 3296 1467 3340; x_wconf 91' lang='lat' dir='ltr'>no-</span> 
     </span>
     <span class='ocr_line' id='line_1_29' title="bbox 327 3377 1468 3462; baseline 0.001 -20"><span class='ocrx_word' id='word_1_227' title='bbox 327 3377 410 3443; x_wconf 90' lang='lat' dir='ltr'>mine</span> <span class='ocrx_word' id='word_1_228' title='bbox 433 3377 467 3442; x_wconf 93' lang='lat' dir='ltr'>in</span> <span class='ocrx_word' id='word_1_229' title='bbox 489 3397 640 3443; x_wconf 90' lang='lat' dir='ltr'>scaenam</span> <span class='ocrx_word' id='word_1_230' title='bbox 663 3379 839 3462; x_wconf 89' lang='lat' dir='ltr'>induceret,</span> <span class='ocrx_word' id='word_1_231' title='bbox 861 3400 924 3443; x_wconf 92' lang='lat' dir='ltr'>non</span> <span class='ocrx_word' id='word_1_232' title='bbox 946 3378 1121 3444; x_wconf 87' lang='lat' dir='ltr'>innotuisse</span> <span class='ocrx_word' id='word_1_233' title='bbox 1137 3385 1267 3462; x_wconf 90' lang='lat' dir='ltr'>poetam</span> <span class='ocrx_word' id='word_1_234' title='bbox 1282 3379 1351 3462; x_wconf 92' lang='lat' dir='ltr'>ipse</span> <span class='ocrx_word' id='word_1_235' title='bbox 1368 3378 1468 3444; x_wconf 93' lang='lat' dir='ltr'>docet</span> 
     </span>
     <span class='ocr_line' id='line_1_30' title="bbox 327 3481 1467 3566; baseline 0.002 -20"><span class='ocrx_word' id='word_1_236' title='bbox 327 3481 419 3546; x_wconf 88' lang='lat' dir='ltr'>testis</span> <span class='ocrx_word' id='word_1_237' title='bbox 440 3481 716 3565; x_wconf 90' lang='lat' dir='ltr'>locupletissimus,</span> <span class='ocrx_word' id='word_1_238' title='bbox 740 3482 900 3564; x_wconf 88' lang='lat' dir='ltr'>foedeque</span> <span class='ocrx_word' id='word_1_239' title='bbox 924 3488 1041 3565; x_wconf 91' lang='lat' dir='ltr'>errant,</span> <span class='ocrx_word' id='word_1_240' title='bbox 1066 3482 1120 3564; x_wconf 94' lang='lat' dir='ltr'>qui</span> <span class='ocrx_word' id='word_1_241' title='bbox 1142 3481 1205 3565; x_wconf 92' lang='lat' dir='ltr'>ipsi</span> <span class='ocrx_word' id='word_1_242' title='bbox 1227 3488 1344 3566; x_wconf 90' lang='lat' dir='ltr'>poetae</span> <span class='ocrx_word' id='word_1_243' title='bbox 1367 3482 1467 3548; x_wconf 92' lang='lat' dir='ltr'>fidem</span> 
     </span>
     <span class='ocr_line' id='line_1_31' title="bbox 329 3585 1467 3669; baseline 0.003 -19"><span class='ocrx_word' id='word_1_244' title='bbox 329 3585 523 3668; x_wconf 88' lang='lat' dir='ltr'>derogantes</span> <span class='ocrx_word' id='word_1_245' title='bbox 551 3585 642 3667; x_wconf 88' lang='lat' dir='ltr'>quasi</span> <span class='ocrx_word' id='word_1_246' title='bbox 672 3607 730 3669; x_wconf 92' lang='lat' dir='ltr'>per</span> <span class='ocrx_word' id='word_1_247' title='bbox 760 3585 824 3650; x_wconf 92' lang='lat' dir='ltr'>vim</span> <span class='ocrx_word' id='word_1_248' title='bbox 851 3585 883 3650; x_wconf 95' lang='lat' dir='ltr'>in</span> <span class='ocrx_word' id='word_1_249' title='bbox 912 3587 1047 3650; x_wconf 91' lang='lat' dir='ltr'>alteram</span> <span class='ocrx_word' id='word_1_250' title='bbox 1070 3585 1262 3650; x_wconf 89' lang='lat' dir='ltr'>sententiam</span> <span class='ocrx_word' id='word_1_251' title='bbox 1284 3585 1467 3653; x_wconf 90' lang='lat' dir='ltr'>discedunt.</span> 
     </span>
     <span class='ocr_line' id='line_1_32' title="bbox 327 3688 1469 3774; baseline 0 -19"><span class='ocrx_word' id='word_1_252' title='bbox 327 3690 412 3755; x_wconf 89' lang='lat' dir='ltr'>Nam</span> <span class='ocrx_word' id='word_1_253' title='bbox 446 3689 523 3770; x_wconf 88' lang='lat' dir='ltr'>quid</span> <span class='ocrx_word' id='word_1_254' title='bbox 557 3689 688 3754; x_wconf 90' lang='lat' dir='ltr'>tandem</span> <span class='ocrx_word' id='word_1_255' title='bbox 722 3709 842 3771; x_wconf 91' lang='lat' dir='ltr'>quaeso</span> <span class='ocrx_word' id='word_1_256' title='bbox 876 3689 937 3753; x_wconf 91' lang='lat' dir='ltr'>sibi</span> <span class='ocrx_word' id='word_1_257' title='bbox 966 3688 1086 3754; x_wconf 83' lang='lat' dir='ltr'>vellent</span> <span class='ocrx_word' id='word_1_258' title='bbox 1113 3690 1214 3754; x_wconf 90' lang='lat' dir='ltr'>verba</span> <span class='ocrx_word' id='word_1_259' title='bbox 1241 3689 1296 3754; x_wconf 90' lang='lat' dir='ltr'>illa</span> <span class='ocrx_word' id='word_1_260' title='bbox 1322 3710 1399 3774; x_wconf 89' lang='lat' dir='ltr'>pag.</span> <span class='ocrx_word' id='word_1_261' title='bbox 1426 3692 1469 3755; x_wconf 92' lang='lat'>10</span> 
     </span>
     <span class='ocr_line' id='line_1_33' title="bbox 329 3791 1468 3877; baseline 0.004 -21"><span class='ocrx_word' id='word_1_262' title='bbox 329 3792 501 3877; x_wconf 82' lang='lat' dir='ltr'>exscripta,</span> <span class='ocrx_word' id='word_1_263' title='bbox 524 3793 607 3859; x_wconf 90' lang='lat' dir='ltr'>Nub.</span> <span class='ocrx_word' id='word_1_264' title='bbox 625 3812 670 3858; x_wconf 92' lang='lat' dir='ltr'>vs.</span> <span class='ocrx_word' id='word_1_265' title='bbox 687 3793 750 3858; x_wconf 80' lang='lat'>528</span> <span class='ocrx_word' id='word_1_266' title='bbox 765 3812 846 3875; x_wconf 79' lang='lat' dir='ltr'>sqq,</span> <span class='ocrx_word' id='word_1_267' title='bbox 869 3791 929 3857; x_wconf 91' lang='lat' dir='ltr'>nisi</span> <span class='ocrx_word' id='word_1_268' title='bbox 953 3799 1051 3876; x_wconf 91' lang='lat' dir='ltr'>poeta</span> <span class='ocrx_word' id='word_1_269' title='bbox 1074 3792 1265 3860; x_wconf 88' lang='lat' dir='ltr'>adulescens</span> <span class='ocrx_word' id='word_1_270' title='bbox 1288 3793 1468 3860; x_wconf 86' lang='lat' dir='ltr'>inocculto</span> 
     </span>
     <span class='ocr_line' id='line_1_34' title="bbox 328 3895 1469 3982; baseline 0.003 -21"><span class='ocrx_word' id='word_1_271' title='bbox 328 3917 362 3961; x_wconf 91' lang='lat' dir='ltr'>se</span> <span class='ocrx_word' id='word_1_272' title='bbox 387 3895 592 3979; x_wconf 89' lang='lat' dir='ltr'>condidisset,</span> <span class='ocrx_word' id='word_1_273' title='bbox 617 3916 689 3961; x_wconf 93' lang='lat' dir='ltr'>cum</span> <span class='ocrx_word' id='word_1_274' title='bbox 711 3895 793 3962; x_wconf 89' lang='lat' dir='ltr'>alius</span> <span class='ocrx_word' id='word_1_275' title='bbox 816 3902 914 3980; x_wconf 87' lang='lat' dir='ltr'>pocta</span> <span class='ocrx_word' id='word_1_276' title='bbox 930 3896 1130 3961; x_wconf 89' lang='lat' dir='ltr'>comoediam</span> <span class='ocrx_word' id='word_1_277' title='bbox 1146 3897 1311 3982; x_wconf 88' lang='lat' dir='ltr'>exciperet</span> <span class='ocrx_word' id='word_1_278' title='bbox 1327 3903 1359 3964; x_wconf 93' lang='lat' dir='ltr'>et</span> <span class='ocrx_word' id='word_1_279' title='bbox 1375 3918 1469 3964; x_wconf 90' lang='lat' dir='ltr'>suam</span> 
     </span>
     <span class='ocr_line' id='line_1_35' title="bbox 329 3999 1469 4085; baseline 0.002 -21"><span class='ocrx_word' id='word_1_280' title='bbox 329 4001 462 4084; x_wconf 82' lang='lat' dir='ltr'>faceret,</span> <span class='ocrx_word' id='word_1_281' title='bbox 485 4007 649 4082; x_wconf 92' lang='lat' dir='ltr'>tamquam</span> <span class='ocrx_word' id='word_1_282' title='bbox 672 3999 792 4065; x_wconf 80' lang='lat' dir='ltr'>femina</span> <span class='ocrx_word' id='word_1_283' title='bbox 814 3999 895 4064; x_wconf 91' lang='lat' dir='ltr'>alius</span> <span class='ocrx_word' id='word_1_284' title='bbox 918 3999 1051 4082; x_wconf 89' lang='lat' dir='ltr'>virginis</span> <span class='ocrx_word' id='word_1_285' title='bbox 1066 4000 1164 4064; x_wconf 90' lang='lat' dir='ltr'>filiam</span> <span class='ocrx_word' id='word_1_286' title='bbox 1180 4001 1360 4085; x_wconf 79' lang='lat' dir='ltr'>expositam</span> <span class='ocrx_word' id='word_1_287' title='bbox 1375 4022 1469 4066; x_wconf 91' lang='lat' dir='ltr'>suam</span> 
     </span>
     <span class='ocr_line' id='line_1_36' title="bbox 329 4103 1468 4188; baseline 0.001 -19"><span class='ocrx_word' id='word_1_288' title='bbox 329 4105 462 4170; x_wconf 86' lang='lat' dir='ltr'>faceret·</span> <span class='ocrx_word' id='word_1_289' title='bbox 487 4110 519 4170; x_wconf 87' lang='lat' dir='ltr'>ct</span> <span class='ocrx_word' id='word_1_290' title='bbox 551 4103 709 4168; x_wconf 82' lang='lat' dir='ltr'>nutriret?</span> <span class='ocrx_word' id='word_1_291' title='bbox 753 4105 826 4172; x_wconf 90' lang='lat' dir='ltr'>Non</span> <span class='ocrx_word' id='word_1_292' title='bbox 858 4103 953 4168; x_wconf 90' lang='lat' dir='ltr'>modo</span> <span class='ocrx_word' id='word_1_293' title='bbox 987 4123 1241 4188; x_wconf 87' lang='lat' dir='ltr'>supervacanea,</span> <span class='ocrx_word' id='word_1_294' title='bbox 1276 4104 1334 4170; x_wconf 92' lang='lat' dir='ltr'>sed</span> <span class='ocrx_word' id='word_1_295' title='bbox 1368 4105 1468 4170; x_wconf 90' lang='lat' dir='ltr'>etiam</span> 
     </span>
     <span class='ocr_line' id='line_1_37' title="bbox 329 4205 1469 4292; baseline 0.004 -20"><span class='ocrx_word' id='word_1_296' title='bbox 329 4208 439 4292; x_wconf 89' lang='lat' dir='ltr'>inepta</span> <span class='ocrx_word' id='word_1_297' title='bbox 472 4207 555 4272; x_wconf 92' lang='lat' dir='ltr'>hacc</span> <span class='ocrx_word' id='word_1_298' title='bbox 588 4208 688 4272; x_wconf 87' lang='lat' dir='ltr'>verba</span> <span class='ocrx_word' id='word_1_299' title='bbox 722 4213 842 4291; x_wconf 89' lang='lat' dir='ltr'>essent,</span> <span class='ocrx_word' id='word_1_300' title='bbox 881 4207 908 4270; x_wconf 90' lang='lat' dir='ltr'>si</span> <span class='ocrx_word' id='word_1_301' title='bbox 941 4205 1188 4290; x_wconf 90' lang='lat' dir='ltr'>Aristophanem</span> <span class='ocrx_word' id='word_1_302' title='bbox 1224 4209 1469 4276; x_wconf 87' lang='lat' dir='ltr'>Daetalensium</span> 
     </span>
     <span class='ocr_line' id='line_1_38' title="bbox 330 4304 1467 4395; baseline 0.003 -19"><span class='ocrx_word' id='word_1_303' title='bbox 330 4317 494 4377; x_wconf 90' lang='lat' dir='ltr'>auctorem</span> <span class='ocrx_word' id='word_1_304' title='bbox 523 4330 604 4393; x_wconf 90' lang='lat' dir='ltr'>csse,</span> <span class='ocrx_word' id='word_1_305' title='bbox 634 4332 705 4375; x_wconf 92' lang='lat' dir='ltr'>cum</span> <span class='ocrx_word' id='word_1_306' title='bbox 733 4310 900 4376; x_wconf 88' lang='lat' dir='ltr'>comoedia</span> <span class='ocrx_word' id='word_1_307' title='bbox 928 4311 1096 4395; x_wconf 88' lang='lat' dir='ltr'>agebatur,</span> <span class='ocrx_word' id='word_1_308' title='bbox 1127 4333 1219 4377; x_wconf 93' lang='lat' dir='ltr'>nemo</span> <span class='ocrx_word' id='word_1_309' title='bbox 1243 4304 1467 4394; x_wconf 86' lang='lat' dir='ltr'>ignoravisset.</span> 
     </span>
     <span class='ocr_line' id='line_1_39' title="bbox 332 4413 1469 4498; baseline 0.003 -19"><span class='ocrx_word' id='word_1_310' title='bbox 332 4415 426 4492; x_wconf 80' lang='lat' dir='ltr'>Quod</span> <span class='ocrx_word' id='word_1_311' title='bbox 448 4415 475 4479; x_wconf 92' lang='lat' dir='ltr'>si</span> <span class='ocrx_word' id='word_1_312' title='bbox 497 4435 549 4480; x_wconf 91' lang='lat' dir='ltr'>res</span> <span class='ocrx_word' id='word_1_313' title='bbox 571 4413 617 4478; x_wconf 89' lang='lat' dir='ltr'>ita</span> <span class='ocrx_word' id='word_1_314' title='bbox 640 4434 674 4480; x_wconf 87' lang='lat' dir='ltr'>se</span> <span class='ocrx_word' id='word_1_315' title='bbox 697 4413 873 4497; x_wconf 88' lang='lat' dir='ltr'>habuisset,</span> <span class='ocrx_word' id='word_1_316' title='bbox 898 4413 1098 4479; x_wconf 77' lang='lat' dir='ltr'>Caletratus</span> <span class='ocrx_word' id='word_1_317' title='bbox 1122 4421 1155 4479; x_wconf 91' lang='lat' dir='ltr'>et</span> <span class='ocrx_word' id='word_1_318' title='bbox 1169 4414 1353 4481; x_wconf 91' lang='lat' dir='ltr'>Philonides</span> <span class='ocrx_word' id='word_1_319' title='bbox 1377 4419 1469 4498; x_wconf 90' lang='lat' dir='ltr'>quasi</span> 
     </span>
     <span class='ocr_line' id='line_1_40' title="bbox 331 4511 1559 4603; baseline -0.002 -19"><span class='ocrx_word' id='word_1_320' title='bbox 331 4518 469 4603; x_wconf 89' lang='lat' dir='ltr'>operarii</span> <span class='ocrx_word' id='word_1_321' title='bbox 485 4518 628 4603; x_wconf 85' lang='lat' dir='ltr'>luissent,</span> <span class='ocrx_word' id='word_1_322' title='bbox 653 4519 693 4583; x_wconf 91' lang='lat' dir='ltr'>de</span> <span class='ocrx_word' id='word_1_323' title='bbox 715 4511 829 4600; x_wconf 92' lang='lat' dir='ltr'>quibus</span> <span class='ocrx_word' id='word_1_324' title='bbox 844 4517 1093 4602; x_wconf 88' lang='lat' dir='ltr'>Aristophanem</span> <span class='ocrx_word' id='word_1_325' title='bbox 1107 4518 1140 4584; x_wconf 91' lang='lat' dir='ltr'>in</span> <span class='ocrx_word' id='word_1_326' title='bbox 1156 4517 1273 4586; x_wconf 83' lang='lat' dir='ltr'>fabulis</span> <span class='ocrx_word' id='word_1_327' title='bbox 1288 4519 1353 4586; x_wconf 92' lang='lat' dir='ltr'>suis</span> <span class='ocrx_word' id='word_1_328' title='bbox 1368 4522 1469 4588; x_wconf 86' lang='lat' dir='ltr'>verba</span> <span class='ocrx_word' id='word_1_329' title='bbox 1558 4561 1559 4582; x_wconf 50' lang='lat'>1</span> 
     </span>
    </p>
   </div>
   <div class='ocr_carea' id='block_1_9' title="bbox 0 0 1581 5266">
    <p class='ocr_par' dir='ltr' id='par_1_9' title="bbox 0 0 1581 5266">
     <span class='ocr_line' id='line_1_41' title="bbox 0 0 1581 5266; baseline 0 0"><span class='ocrx_word' id='word_1_330' title='bbox 0 0 1581 5266; x_wconf 95' lang='lat' dir='ltr'> </span> 
     </span>
    </p>
   </div>
  </div>
 </body>
</html>
