3140 5266
553 373 767 436 ...43-

180 561 309 628 Fuloire
338 568 447 627 autem
474 559 560 627 hano
587 559 780 627 sententiam
810 567 843 626 et
873 561 1059 628 confirmare
1086 562 1162 628 lieet
1185 583 1232 628 ar-

91 666 256 750 gumentis
278 685 319 733 ex
339 663 418 749 ipsis
434 663 657 749 Aristophanis
681 664 855 732 comoediis
878 664 997 749 petitis,
1021 665 1052 732 h.
1069 686 1097 731 e.
1119 665 1236 744 desunt¹

91 770 223 836 omnino
257 773 459 852 argumenta,
494 767 609 852 quibus
642 789 663 834 a
691 769 810 834 Cleone
834 775 965 852 poetam
994 789 1082 836 reum
1113 769 1234 835 fautum

92 893 166 942 esse
190 872 320 961 probari
343 877 459 956 potest.
493 871 742 957 Aristophanem
763 893 839 938 vero
855 871 947 938 huius
962 871 1027 937 litis
1041 872 1234 939 mentionem

91 979 255 1046 saetarum
281 975 394 1059 fuisse,
427 975 455 1042 si
481 995 596 1042 revera
621 975 802 1060 postulatus
833 981 932 1059 esset,
967 995 1060 1041 nemo
1090 976 1233 1059 negabit.

90 1082 135 1147 At
168 1079 248 1147 feeit
280 1078 428 1162 fortasse,
463 1078 496 1144 in
530 1078 698 1146 comoedia
726 1079 849 1144 seilicet
877 1099 940 1144 non
963 1083 1102 1144 servata.
1148 1078 1235 1143 Fieri

91 1184 214 1270 potuit3
237 1203 343 1266 neque
365 1201 442 1248 vero
465 1184 564 1248 semel
580 1182 664 1248 hano
678 1203 746 1248 rem
761 1182 907 1266 attigisse
923 1189 1091 1248 contentus
1106 1182 1234 1249 fuisset:

91 1289 139 1356 ad
161 1307 317 1356 nauseam
332 1307 405 1352 eam
423 1286 636 1370 repetivisset,
653 1285 878 1371 perstringere,
896 1287 1086 1371 convellere,
1102 1287 1235 1354 irridere

93 1393 260 1476 Cleonem,
283 1390 338 1474 qui
353 1395 421 1456 tam
434 1389 707 1457 ridiouiaratione
729 1410 805 1456 usus
828 1397 922 1474 esset,
946 1411 1118 1473 numquam
1140 1390 1235 1456 desti-

90 1496 204 1562 tisset:
233 1515 308 1561 nam
335 1513 484 1562 oanssam
505 1493 621 1560 vioisso
644 1493 840 1579 perhibetur.
885 1495 1004 1562 Verum
1025 1494 1114 1578 nihil,
1138 1496 1234 1580 plane

92 1600 175 1668 nihil
199 1599 241 1666 de
263 1599 327 1665 hae
350 1617 467 1666 oaussa
489 1597 578 1682 apud
594 1597 843 1683 Aristophanem
865 1598 992 1682 legitur.

181 1702 281 1786 Atqui
303 1707 385 1787 sunt,
410 1702 465 1785 qui
486 1703 592 1768 looum
614 1701 777 1785 quendam
799 1702 960 1769 invenisse
977 1702 1039 1770 sibi
1055 1701 1235 1787 videantur,

92 1808 197 1874 veluti
219 1806 366 1874 Rankius
388 1827 464 1892 pag.
480 1807 591 1872 XXIV
613 1827 666 1892 ap.
683 1807 790 1890 Mein,
813 1809 1006 1874 Petersenus
1026 1807 1057 1873 in
1074 1806 1234 1874 Fleckeis.

92 1915 179 1980 Arm.
208 1912 261 1980 85.
290 1931 366 1995 pag.
390 1911 463 1993 656,
498 1909 645 1976 Ldbkius
672 1909 705 1976 in
733 1910 818 1976 obss.
851 1911 919 1976 orit.
949 1931 1026 1996 pag.
1059 1913 1109 1995 17,
1138 1912 1234 1996 Vesp.

93 2037 144 2085 vs.
171 2017 256 2084 1284
279 2014 365 2098 sqqz

252 2119 315 2182 είσί
335 2139 418 2192 τινες
440 2122 474 2181 oi
493 2117 531 2200 μ’
555 2117 665 2197 ἔλεγον
690 2116 734 2192 ὥς
755 2113 1028 2202 καταδιηλλάγην,

135 2223 229 2291 128ὂ.
254 2221 347 2308 ἡνίκα
368 2220 478 2286 Κλέων
499 2221 539 2303 μ’
562 2220 783 2307 ὑπετάραττεν
804 2221 1003 2304 ἐπικείμενος

141 2331 143 2336 ’
254 2329 309 2389 καί
330 2349 369 2408 με
391 2329 554 2400 κακίσταις
576 2326 695 2391 ἔκνισε·
722 2325 801 2389 κᾶθ’
829 2325 875 2388 ὅτ’
897 2324 1128 2410 ἀπεδειρόμην,

254 2428 369 2503 οόκτὸς
390 2427 508 2509 ἐγέλων
529 2433 613 2512 μέγα
634 2429 812 2515 κεκραγότα
834 2428 1007 2510 θεώμενοι,
1089 2471 1091 2478 ·

256 2532 353 2598 οὐδὲν
375 2533 426 2619 ἄρ’
448 2532 528 2615 ἐμοῦ
549 2533 660 2615 μέλον,
689 2536 767 2599 ὅσον
790 2533 826 2597 δὲ
848 2533 952 2615 μόνον
974 2532 1106 2608 εἰδέναι,

256 2636 462 2720 σκωμμάτιον
482 2639 594 2702 είποτέ
614 2660 644 2700 τι
667 2637 865 2720 θλιβόμενος
886 2636 1019 2720 ἐκβαλῶ.

136 2743 230 2809 1290.
254 2743 357 2806 ταῦτα
378 2739 519 2806 κατιδών
542 2740 610 2805 όπό
632 2764 664 2804 τι
685 2741 801 2827 μικρὸν
822 2740 1016 2826 ἐπιθήκισα·

254 2846 325 2908 εἶτα
346 2849 405 2910 νῦν
426 2843 626 2929 ἐξηπάτησεν
647 2844 665 2930 ἦ
688 2845 793 2930 χάραξ
815 2845 872 2930 τὴν
894 2844 1052 2927 ἄμπελον.

96 2953 135 3016 In
159 2967 255 3016 versu
276 2949 359 3014 1286
382 2947 512 3014 exhibui
536 2948 683 3014 oodioum
705 2949 742 3013 R.
760 2954 793 3014 et
808 2948 845 3014 V.
868 2949 1040 3015 leotionem
1062 2951 1237 3024 κακίσταις,

98 3074 198 3138 quam
211 3051 326 3118 misere
343 3053 556 3137 depravatam
571 3072 642 3118 esse
659 3059 691 3118 et
706 3072 801 3120 sensu
816 3058 849 3119 et
866 3059 967 3118 metro
983 3058 1090 3138 patet,
1113 3058 1239 3119 oonstat

98 3158 184 3223 enim
214 3162 349 3222 metrum
372 3155 549 3241 paeonibus
573 3154 696 3240 primis3
720 3155 840 3219 κάκιστ’
856 3161 973 3240 autem,
1004 3156 1090 3239 quod
1112 3156 1144 3221 in
1167 3155 1239 3222 aliis

99 3261 191 3326 libris
220 3267 389 3326 exaratum
417 3264 476 3343 est,
504 3281 525 3324 a
546 3259 677 3324 librario
705 3258 813 3342 aliquo
837 3279 855 3324 e
879 3259 1063 3326 coniectura
1086 3259 1240 3344 seriptum

99 3385 182 3449 esse,
214 3363 291 3447 quia
317 3366 481 3436 κακίσταις
504 3361 588 3426 omni
611 3382 706 3428 sensu
730 3363 873 3447 oarebat,
908 3370 1055 3448 apparet,
1089 3364 1238 3446 quodne

98 3470 163 3535 hoo
186 3467 317 3552 quidem
339 3471 440 3532 metro
463 3465 631 3532 satisfacit.
679 3465 770 3544 Quae
794 3486 864 3533 oum
887 3465 933 3531 ita
956 3467 1028 3552 sint,
1058 3469 1241 3534 aoouratius

100 3573 143 3639 de
171 3573 235 3638 hoe
257 3572 328 3637 loeo
352 3569 518 3655 disputare
541 3589 622 3654 opus
645 3575 703 3652 est,
734 3590 814 3654 oum,
844 3569 904 3635 nisi
928 3570 969 3636 de
992 3571 1151 3656 seriptura
1174 3591 1242 3636 ver-

101 3680 215 3744 borum
238 3680 373 3760 constat,
396 3695 438 3741 ne
454 3674 496 3740 de
511 3693 608 3739 sensu
632 3673 761 3756 quidem
776 3673 921 3740 iudicare
937 3674 1104 3758 possimus.
1135 3675 1242 3757 Atque

99 3780 223 3867 primus
245 3784 379 3845 metrum
402 3780 541 3846 correxit
563 3779 697 3846 Florens
718 3778 917 3845 Christianus
943 3784 1068 3854 κακίαις
1089 3779 1241 3863 seribenS,

100 3905 200 3970 quam
216 3883 473 3951 emendationem
489 3883 628 3950 editores
645 3883 935 3967 comprobaverunt
951 3882 995 3948 ad
1010 3903 1107 3948 unum
1122 3905 1240 3950 omnes

101 3988 198 4067 Quod
228 4007 306 4054 sane
334 3987 439 4054 miror.
488 3987 573 4055 Nam
602 3989 697 4049 κακία
727 3992 777 4052 est
798 3985 965 4070 vitiositas,
998 3986 1050 4051 oui
1072 3988 1242 4070 opponitur

100 4091 197 4179 ἀρετή
220 4093 272 4157 vel
295 4091 408 4173 virtus,
436 4110 541 4173 neque
565 4110 641 4156 vero
664 4089 893 4155 vitiositatibus
916 4089 1087 4173 quisquam
1109 4091 1242 4156 traotari

100 4202 211 4282 potest
233 4194 285 4260 vel
307 4192 478 4277 increpari.
514 4191 728 4269 Quamobrem
752 4192 913 4258 Graecum
935 4199 1074 4277 poetam,
1098 4214 1242 4278 praesen·
1319 4180 1322 4187 ’

99 4300 160 4365 tim
194 4295 249 4382 qui
281 4295 377 4362 fuerit
409 4295 659 4380 Aristophanes,
693 4302 728 4360 ut
761 4294 807 4360 ita
841 4295 962 4380 dinam,
1000 4297 1241 4373 Ἀττικώτατος,

100 4402 237 4470 verbum
267 4399 383 4476 κνίζον
410 4419 483 4465 eum
509 4401 634 4472 κακίαις
662 4397 864 4466 coniunxisse
894 4397 1047 4465 credibile
1071 4421 1142 4466 esse
1165 4401 1241 4466 mihi

101 4506 234 4592 quidem
256 4524 320 4570 non
342 4501 478 4570 videtur.
533 4501 677 4569 Offendit
705 4501 737 4567 in
767 4502 830 4568 hae
858 4524 937 4572 vooe
960 4504 1025 4568 iam
1048 4503 1240 4590 Dindorfius,
