3140 5266
539 305 750 386 sser-

67 494 164 559 aliud
189 494 253 560 alii.
307 495 421 576 Itaque
446 493 486 558 de
514 491 560 559 eis
586 493 704 558 fabulis
726 493 870 578 perditis,
894 494 935 560 de
959 513 1092 577 quarum
1115 493 1212 560 actio-

64 597 166 662 nibus
190 597 269 664 uihil
291 597 452 682 proditum
475 603 533 679 est,
562 603 671 662 tacere
695 598 796 662 satius
819 597 905 681 duxi,
929 598 1118 682 praesertim
1142 618 1212 663 curn

65 701 108 766 de
136 699 325 767 Callistrato
348 707 405 766 aut
430 699 599 766 Philonide
622 700 701 766 nihil
723 701 901 766 audiamus.

158 803 233 872 Noli
250 803 345 870 sodes
360 825 410 868 me
427 803 620 887 vituperare,
643 803 729 885 quod
746 804 924 887 complures
941 805 1212 887 quaestiunculas,

63 909 97 973 in
132 915 282 974 extrema
310 896 507 992 potissimum
535 906 678 990 opusculi
708 913 811 990 parte,
844 907 1028 991 adiecerim,
1056 907 1116 973 etsi
1138 909 1213 974 laxo

64 1017 198 1076 tantum
222 1011 348 1076 vinculo
372 1031 444 1075 cum
467 1009 655 1091 quaestione
679 1009 777 1075 veluti
800 1010 981 1095 principali,
1006 1033 1089 1095 quae
1107 1019 1155 1076 est
1172 1012 1212 1078 de

65 1116 260 1180 Callistrato
282 1120 314 1180 et
329 1113 506 1196 Philonide,
532 1112 714 1178 cohaerent.
745 1114 828 1180 Nam
845 1115 995 1196 quoniam
1012 1115 1214 1180 Callistratus

64 1226 98 1284 et
124 1218 315 1283 Philonides
344 1217 376 1282 in
406 1217 566 1301 plerisque
589 1216 707 1282 fabulis
730 1217 914 1282 nominandi
938 1223 1039 1302 erant,
1071 1218 1213 1303 disputa-

65 1322 171 1386 tionis
194 1321 309 1386 iustum
332 1327 484 1403 tenorem,
516 1319 570 1402 qui
594 1326 798 1404 convenerat,
822 1320 1052 1404 interrumpere
1075 1322 1162 1387 nolui
1182 1328 1214 1387 et

66 1427 108 1491 de
136 1446 334 1507 unaquaque
358 1425 485 1490 actione
508 1422 621 1507 paucis
645 1423 795 1506 disserui3
821 1431 918 1506 atque
941 1424 994 1490 hio
1018 1431 1050 1490 ct
1070 1425 1136 1490 illio
1150 1447 1213 1490 non

64 1531 163 1595 nulla
196 1529 350 1614 probasse
381 1534 413 1594 et
440 1527 615 1592 illustrasse
645 1526 721 1591 mihi
751 1527 873 1611 videor,
903 1527 1049 1610 quamvis
1072 1529 1214 1594 breviter

64 1655 120 1698 res
160 1632 331 1716 tetigerim.
384 1633 477 1697 Hanc
510 1651 587 1696 vero
620 1630 812 1696 brevitatem
842 1632 938 1697 velim
965 1632 1042 1696 mihi
1068 1653 1132 1698 non
1161 1653 1213 1697 ex-

65 1737 209 1821 probres
236 1736 269 1800 in
296 1736 393 1800 aliam
421 1740 562 1820 partem:
591 1755 666 1799 nam
693 1734 875 1801 accuratius
901 1736 985 1802 haec
1014 1735 1121 1802 omnia
1143 1757 1214 1820 per-

67 1848 217 1907 tractare
241 1841 370 1924 longum
393 1840 462 1905 suit.
507 1840 617 1923 Multa,
642 1860 725 1922 quae
749 1839 863 1905 leviter
885 1846 1009 1906 tantum
1030 1840 1214 1906 intransitu

66 1965 253 2012 memorare
277 1944 376 2028 potui,
401 1943 557 2028 posterius
580 1942 765 2028 aliquande,
788 1943 814 2008 si
838 1943 888 2009 dis
904 1943 1056 2028 placebit,
1080 1964 1213 2010 accura-

68 2051 137 2116 tius
161 2055 304 2115 tractare
328 2056 360 2114 et
382 2048 541 2114 illustrare
565 2047 715 2113 conabor.

472 2899 827 3034 Conspectus

159 3229 281 3285 Titulus.
454 3233 530 3288 Acta
549 3239 594 3288 est
612 3232 712 3287 fabula
893 3233 1000 3288 Docuit

407 3415 505 3553 0¹43}
521 3418 543 3469 ¹·
682 3457 696 3510 a
767 3419 770 3428 ’
850 3457 1040 3512 callistratus.
1143 3457 1181 3510 19.

73 3599 362 3608 ...-..-—-——-——-
1011 3601 1082 3606 ——.
1103 3599 1216 3606 ---—..

407 3638 444 3694 ⁰¹·
462 3639 542 3706 88²2·
619 3638 765 3707 Di⁰¹¹y⁵ii⁵
849 3681 1040 3736 Callistratus.
1140 3683 1181 3736 Ἧ-

444 3726 502 3779 426.
580 3705 584 3820 Ι
630 3725 748 3795 magnis.

73 3823 878 3835 -—-.-———.....-——-----—-——-.-—-
1095 3825 1216 3832 —-.—

406 3864 442 3919 ol.
461 3866 503 3928 88,
516 3864 541 3918 3.

443 3951 503 4005 425.

256 4050 279 4055 --
287 4049 357 4054 ——-.-
373 4051 574 4057 ——.-..-
1010 4047 1084 4056 κ...
1094 4049 1215 4058 -.—-

407 4089 443 4143 ol.
462 4089 504 4156 88,
516 4091 543 4142 4.

444 4175 504 4227 424.

117 4274 149 4279 --.
157 4271 361 4280 a———q——1
797 4271 877 4340 .·-——
892 4269 919 4276 -
1094 4276 1215 4282 -.--—.-

168 4352 274 4407 Nubes.
407 4311 504 4452 01”4ξὲ’
521 4313 543 4366 l'
618 4313 799 4469 Isszgsslsh
855 4352 1032 4408 Philonides.
1138 4358 1180 4411 48.

797 4456 799 4519 l

119 3457 321 3510 Daetalenses.

138 3682 301 3752 Babylonii.

116 3905 327 3960 Acharnenses.
626 3905 758 3960 Lenaeis.
848 3903 1037 3959 Callistratus.
1139 3908 1179 3961 21.

626 4131 758 4186 Lenaeie.
830 4128 1050 4198 Aristophanes.
1137 4133 1179 4186 46.

154 4130 284 4199 Equites.

976 4577 1009 4632 5*
