3140 5266
843 362 1029 428 -2.„

366 559 509 619 actorem
542 551 715 638 primarum
748 552 887 638 partium
914 553 1012 618 luisse
1040 553 1193 636 dicerent,
1228 553 1317 619 ouius
1343 553 1510 637 opinionis

365 657 457 724 testis
490 663 540 722 est
565 657 661 723 Vitae
691 656 836 741 scriptor,
871 657 959 742 apud
988 678 1083 740 quem
1110 657 1193 724 haec
1221 659 1321 723 verba
1347 657 1509 740 legimus:

363 760 552 846 Ὑποκριιαὶ
574 761 832 846 Ἀριστοφάνους
847 759 1087 846 Καλλίστρατος
1108 761 1161 822 καὶ
1181 759 1372 845 Φιλωνίδης,
1398 761 1444 824 δι’
1461 760 1512 825 ὦν

364 864 515 928 ἐδίδασκε
542 865 582 927 τὰ
610 864 761 950 δράματα
786 863 905 928 ἑαυτοῦ
927 865 1006 939 art„
1034 885 1095 930 neo
1118 864 1279 930 dissimilis
1302 871 1409 931 exstat
1433 886 1508 930 sen-

364 969 467 1035 tentia
500 968 588 1054 apud
621 969 720 1035 schol.
755 970 807 1034 Br.
842 969 886 1034 ad
919 969 1002 1036 Nub.
1037 989 1083 1033 vs.
1115 969 1193 1034 531:
1229 979 1308 1043 παῖς
1339 969 1369 1032 d’
1392 967 1507 1055 ἑτέραι

366 1071 518 1158 δηλονότι
539 1071 556 1135 ὁ
576 1071 756 1156 Φιλωνίδης
771 1072 823 1134 καὶ
840 1071 857 1135 ὁ
874 1071 1123 1159 Καλλίστρατος,
1141 1069 1172 1135 oi
1187 1075 1318 1158 ὕστερον
1333 1073 1508 1155 γενόμενοι

363 1175 537 1262 ὑποκριταὶ
560 1181 618 1240 τοῦ
640 1176 907 1261 Ἀριστοφάνους.

450 1281 569 1346 Verum
602 1280 731 1362 quidem
765 1285 814 1345 est
847 1281 1009 1346 nationem
1037 1280 1212 1364 quandam,
1243 1286 1278 1345 ut
1305 1281 1352 1346 ita
1383 1280 1505 1365 dicam,

363 1385 550 1450 histrionum
582 1384 647 1448 iam
675 1383 783 1466 quinto
812 1405 841 1449 a.
872 1385 944 1450 Ohr.
973 1407 1003 1450 ιι.
1032 1385 1162 1450 saeculo
1189 1384 1323 1449 Athenis
1345 1384 1505 1469 floruisse,

364 1493 397 1554 et
426 1492 553 1553 constat
583 1485 738 1570 exemplis
761 1493 875 1570 poetas
898 1487 931 1551 in
953 1487 1071 1552 fabulis
1094 1487 1159 1552 suis
1182 1487 1318 1570 agendis
1341 1495 1505 1553 certorum

363 1597 507 1658 actorum
530 1609 630 1675 opera
652 1589 790 1655 maxime
814 1597 847 1655 et
870 1610 974 1674 paene
1001 1595 1185 1656 constanter
1203 1610 1278 1655 usos
1294 1610 1375 1675 esse,
1400 1613 1505 1673 quare

262 1681 265 1690 ¹
362 1695 610 1780 Aristophanem
632 1694 718 1760 idem
740 1693 856 1759 fecisse
880 1694 948 1760 veri
970 1701 1098 1759 nonest
1115 1694 1275 1759 dissimile.
1306 1694 1377 1761 Nee
1392 1701 1506 1761 tamen

362 1800 582 1866 Callistratum
603 1819 664 1863 nec
687 1796 889 1863 Philonidem
911 1799 1096 1864 sollemnem
1110 1797 1334 1882 Aristophanis
1357 1805 1505 1864 actorem
1555 1851 1556 1854 ι

361 1904 459 1970 fuisse
490 1902 587 1970 facile
617 1907 666 1968 est
693 1901 737 1967 ad
764 1901 1055 1967 demonstrandum.
1104 1903 1148 1966 At
1175 1900 1377 1967 nihilominus
1402 1903 1506 1968 etiam
1555 1895 1556 1958 l

361 2014 471 2074 nostra
501 2012 611 2072 aetate
633 2025 697 2070 non
719 2005 844 2088 desunt,
876 2005 930 2087 qui
952 2005 984 2068 in
1006 2004 1092 2069 hane
1114 2004 1306 2070 sententiam
1329 2004 1506 2070 discedant

361 2118 394 2178 ct
424 2111 656 2177 Callistratum.
669 2114 768 2192 atque
795 2108 997 2174 Philonidem
1025 2107 1196 2174 histriones
1227 2109 1324 2175 fuisse
1353 2110 1504 2176 omnibus
1555 2091 1556 2118 ³

361 2215 481 2282 viribus
515 2213 725 2297 contendant,
767 2211 856 2278 cuius
890 2212 1069 2278 sententiae
1103 2218 1257 2297 patronus
1290 2213 1504 2295 gravissimus
1555 2233 1556 2300 q

361 2318 484 2386 exstitit
516 2318 706 2384 Theodorus
740 2317 835 2382 Kook
868 2316 901 2380 in
935 2315 1152 2400 disputatione
1182 2317 1232 2382 De
1262 2316 1431 2384 Philonide
1469 2326 1504 2383 et
1555 2309 1556 2384 l

361 2422 554 2488 Callistrato.
600 2421 711 2502 Progr.
735 2440 842 2504 gymn.
868 2419 1113 2502 Guben.,1855.
1555 2425 1556 2509 ζ

445 2526 610 2594 Persuasit
643 2525 704 2591 sibi
737 2524 799 2590 hoe
834 2525 880 2590 vir
908 2525 1020 2590 doctus
1048 2546 1089 2590 ea
1116 2525 1254 2590 maxime
1282 2545 1398 2592 caussa
1427 2548 1502 2610 per·
1555 2513 1556 2570 ἶ

360 2631 483 2715 ductus,
508 2629 594 2712 quod
616 2627 804 2694 incredibile
828 2647 898 2692 esse
922 2628 952 2692 ei
975 2627 1146 2693 videbatur
1160 2628 1408 2712 Aristophanem
1432 2631 1501 2712 ple·
1555 2627 1556 2666 ³

358 2755 474 2817 resque
508 2733 637 2798 fabulas
672 2731 744 2796 aliis
779 2731 987 2796 condonasse.
1051 2732 1238 2817 ,Nimirum
1277 2733 1348 2816 ipse
1381 2733 1499 2816 inquit,
1555 2711 1556 2727 ¹

358 2839 478 2923 optimo
494 2837 561 2902 iure
574 2835 745 2919 Amipsias,
759 2834 1160 2919 A1·istonymus,Sannyrio
1174 2842 1303 2920 poetam
1315 2836 1499 2920 irrisissent,

358 2942 385 3007 si
409 2941 530 3008 centies
553 2940 624 3005 aliis
648 2939 784 3021 gloriam
798 2937 953 3004 victoriae
969 2938 1165 3022 tradidisset,
1189 2939 1259 3023 ipse
1275 2945 1325 3004 ter
1341 2946 1499 3021 quaterve

359 3044 475 3110 vicisse
497 3043 578 3108 satis
599 3041 796 3107 habuissent
828 3042 942 3124 Itaque
966 3062 1056 3107 suam
1071 3042 1263 3108 sententiam
1279 3042 1351 3107 aliis
1368 3063 1497 3126 quoque

358 3147 496 3230 probare
527 3151 660 3210 conatus
689 3151 747 3227 est,
783 3144 870 3226 quod
899 3165 971 3209 cum
1001 3145 1110 3210 facere
1137 3166 1202 3212 non
1223 3152 1333 3230 posset
1354 3146 1416 3212 nisi
1439 3169 1499 3231 per

357 3250 431 3334 vim,
468 3248 746 3316 ratiocinationem
774 3246 977 3312 debilissimis
1007 3254 1130 3314 tantum
1159 3249 1360 3315 adminiculis
1391 3250 1497 3316 fulciri

358 3358 610 3420 consentaneum
633 3357 690 3416 est.
737 3350 829 3428 Quae
853 3349 1004 3416 facillime
1028 3358 1160 3434 possunt
1182 3352 1385 3418 labefactari.

443 3457 540 3522 Putat
574 3453 657 3520 enim
692 3449 837 3518 Kockius
864 3452 1121 3539 Aristophanem,
1157 3461 1328 3540 postquam
1360 3456 1497 3538 Equites
1538 3537 1540 3542 Ι

357 3558 427 3643 ipse
450 3557 586 3642 primam
608 3577 665 3622 suo
687 3556 815 3622 nomine
839 3557 1038 3622 comoediam
1061 3556 1215 3642 docuerit,
1243 3577 1370 3642 semper
1390 3559 1497 3643 ipsum

357 3660 541 3727 comoedias
572 3658 605 3723 in
634 3665 796 3726 certamen
825 3659 1034 3742 commisisse,
1067 3682 1141 3725 nam
1164 3681 1221 3726 eas
1244 3661 1380 3746 fabulas,
1410 3684 1496 3744 quae

357 3771 432 3830 ante
459 3763 594 3847 Equites
622 3769 718 3828 actae
747 3769 829 3847 sunt,
865 3763 906 3828 ab
937 3763 1008 3828 aliis
1031 3764 1144 3830 doctas
1168 3785 1239 3831 esse
1261 3765 1496 3849 Aristophanes

355 3867 425 3953 ipse
458 3866 707 3934 luculentissime
737 3873 881 3933 testatur.
934 3867 1028 3945 Quod
1057 3868 1103 3933 ita
1131 3888 1201 3934 esse
1231 3867 1359 3934 minime
1383 3877 1495 3953 aptum

355 3971 416 4038 fuit
445 3971 586 4055 opinioni
613 3971 741 4055 Kockii,
774 3991 845 4036 curn
874 3971 961 4036 viam
988 3971 1114 4054 ingredi
1145 3972 1264 4038 haere
1288 3975 1493 4058 coactnssit,

356 4095 440 4157 quae
473 4075 571 4159 plane
605 4074 818 4158 improbanda
853 4081 910 4139 est.
961 4075 1045 4142 Nam
1075 4096 1146 4140 curn
1174 4075 1206 4139 in
1230 4075 1426 4161 didascaliis,
1461 4078 1493 4142 in
1555 4103 1556 4106 ¹

356 4179 470 4260 quihus
497 4177 673 4244 Callistrati
707 4184 764 4243 aut
793 4177 970 4242 Philonidis
1002 4178 1131 4244 nomina
1161 4181 1322 4263 leguntur,
1357 4186 1390 4246 et
1417 4187 1493 4246 ante

354 4281 488 4366 Equites
519 4287 552 4347 et
580 4287 654 4365 post
679 4301 806 4366 semper
828 4281 944 4347 eadem
971 4282 1116 4366 formula,
1147 4303 1230 4364 quae
1254 4290 1303 4348 est
1327 4283 1493 4348 διδάσκειν

356 4384 465 4470 δρᾶμα
496 4383 553 4447 διά
579 4407 679 4459 τινος,
713 4384 819 4468 posita
846 4384 896 4468 sit,
932 4384 980 4449 vir
1010 4385 1123 4450 doctus
1150 4385 1259 4452 facere
1288 4407 1350 4453 non
1378 4387 1491 4472 potuit,
1555 4437 1556 4442 η

356 4488 431 4571 quin
473 4489 700 4572 grammaticos
738 4488 946 4554 contenderet
983 4488 1046 4556 hac
1083 4488 1222 4556 dictione
1259 4489 1292 4553 in
1330 4489 1490 4575 duplicem
1555 4495 1556 4556 ἴ
