3140 5266
558 389 768 453 ...21-

74 597 99 640 a
118 576 338 658 grammatico
351 575 459 658 aliquo
472 577 690 662 compositam,
705 599 799 662 quem
812 579 893 644 bene
906 580 1130 647 observantem
1141 588 1229 648 recte

73 678 116 743 in
144 680 330 746 universum
352 701 370 746 e
393 679 511 746 fabulis
533 680 618 746 hanc
640 681 746 764 legem
769 682 888 748 eruisse
904 683 1017 767 negari
1033 705 1097 750 non
1113 689 1229 770 potest.

74 785 206 866 Itaque
242 783 332 849 dedit
365 784 596 868 Aristophanes
631 785 815 852 comoedias
852 787 1002 871 politicas
1036 788 1229 873 Callistrato,

76 893 204 952 contra
226 887 414 971 Euripidem
444 892 476 953 et
498 887 664 954 Socratem
693 890 830 974 scriptas
852 890 1029 957 Philonidi:
1063 892 1126 958 utri
1148 892 1231 958 alias

76 989 222 1056 tradere
256 991 367 1056 solitus
400 989 450 1074 sit,
484 1012 548 1057 non
582 991 742 1058 docemur.
787 996 825 1058 In
852 995 1096 1062 Daetalensium
1122 1001 1230 1062 autem

78 1094 261 1162 comoedia
283 1115 344 1160 nec
367 1095 408 1160 de
430 1094 597 1178 republica
613 1096 689 1180 egit,
713 1117 773 1162 neo
789 1097 976 1182 Euripidem
992 1106 1048 1165 aut
1063 1099 1230 1166 Socratem

76 1198 116 1262 in
143 1198 210 1264 hac
232 1197 344 1262 fabula
366 1197 568 1282 perstrinxit:
596 1198 674 1264 nihil
697 1199 794 1281 igitur
816 1202 904 1267 valet
926 1201 981 1267 illa
1004 1204 1057 1268 lex
1080 1203 1123 1269 ad
1145 1203 1230 1268 hanc

78 1299 312 1384 quaestionem
335 1300 584 1367 diiudicandum.
630 1303 767 1368 Accedit
789 1304 861 1388 huc,
886 1306 972 1388 quod
994 1305 1048 1372 ille
1072 1327 1229 1390 gramma-

76 1406 173 1472 ticus
207 1406 291 1472 hanc
319 1407 425 1490 legem
452 1406 499 1472 ita
528 1427 592 1472 non
620 1427 658 1473 eo
681 1427 776 1473 sensu
799 1409 935 1493 scripsit,
970 1415 1005 1475 ut
1027 1410 1229 1476 Philonidem

77 1511 305 1576 Daetalenses
334 1509 481 1576 docuisse
512 1510 706 1595 opinaretur,
737 1519 906 1578 utcontra
930 1512 1229 1599 Callistratiopcra

76 1615 175 1680 hanc
196 1614 342 1680 fabulam
364 1614 565 1680 commissam
588 1635 659 1680 esse
681 1615 786 1700 planis
809 1615 916 1682 verbis
939 1615 1075 1683 diceret:
1098 1616 1230 1695 ἐδίδαξε

79 1719 120 1782 δὲ
161 1722 219 1802 (sc.
250 1717 506 1804 Ἀριστοφάνης)
541 1723 670 1804 πρῶτος
703 1718 758 1781 ἐπὶ
793 1721 950 1804 ἄρχοντος
982 1724 1138 1804 Διοτίμου
1174 1721 1230 1786 διά

78 1819 342 1907 Καλλιστράτου.
387 1821 446 1886 Est
469 1828 577 1887 autem
599 1819 702 1905 prima
724 1821 837 1888 fabula
860 1823 1085 1890 Daetalenses.
1122 1823 1228 1908 Atque

78 1927 174 1991 hunc
197 1925 441 2008 grammaticum
463 1929 573 1992 verum
596 1926 767 1994 tradidisse
791 1946 978 2010 persuasum
1000 1928 1077 1992 mihi
1093 1935 1229 1995 osteum

80 2030 193 2095 doctis
216 2029 291 2094 viris
314 2030 484 2114 plerisque,
510 2029 585 2113 quia
608 2031 709 2096 verba
732 2030 800 2095 eius
824 2030 864 2096 de
887 2030 990 2115 prima
1006 2030 1229 2117 Aristophanis

79 2133 202 2199 fabula
237 2133 377 2199 Diotimo
418 2133 571 2200 archonte
605 2155 664 2218 per
699 2135 915 2200 Callistratum
948 2136 1045 2202 docta
1077 2136 1125 2202 ita
1157 2142 1230 2203 sunt

81 2243 289 2321 comparata,
323 2244 359 2302 ut
391 2243 533 2303 veterem
563 2237 807 2303 Daetalensium
842 2237 1055 2304 didascaliam
1088 2238 1228 2305 dilucide

81 2361 169 2424 prae
192 2359 228 2406 se
251 2340 366 2406 ferant.

175 2443 301 2510 Posteri
324 2443 399 2510 anni
416 2442 580 2529 Dionysiis
602 2443 729 2527 magnis
751 2443 851 2510 Eucle
867 2444 1020 2512 archonte
1036 2445 1228 2532 Babylonio-

81 2569 160 2614 rum
183 2547 392 2615 celeberrima
413 2547 470 2613 illa
494 2547 661 2616 comoedia
683 2548 716 2612 in
734 2567 887 2614 scaenam
901 2549 1035 2616 inducta
1050 2556 1108 2636 est,
1133 2569 1229 2633 quam

82 2672 174 2717 anno
209 2659 282 2736 post
304 2651 558 2718 Achamensium
591 2651 703 2717 fabula
730 2657 842 2718 secuta
872 2657 930 2717 est.
982 2651 1065 2746 Quin
1092 2659 1228 2736 utraque

81 2755 202 2820 fabula
235 2775 293 2839 per
326 2754 544 2820 Callistratum
577 2754 674 2820 docta
708 2754 758 2838 sit,
793 2755 825 2820 in
860 2753 990 2820 dubium
1024 2755 1133 2822 vocari
1164 2777 1227 2822 non

82 2865 198 2944 potest
207 2861 240 2942 ¹),
272 2880 344 2924 cum
371 2879 413 2925 ex
434 2857 688 2925 Achamensium
712 2857 913 2924 didascaliae
935 2858 1080 2942 reliquiis
1102 2859 1143 2925 de
1168 2859 1229 2925 hac

83 2961 259 3028 comoedia
282 2961 402 3045 liquide
427 2967 567 3026 constet:
591 2959 757 3045 ἐδιδάχθη
779 2960 835 3023 ἐπὶ
857 2960 1015 3025 Εδδύνου
1043 2961 1102 3044 (sic
1122 2962 1230 3045 legen-

83 3067 165 3132 dum
182 3069 243 3148 est)
266 3067 424 3150 ἄρχοντος
447 3063 481 3128 ἓν
503 3067 661 3148 Ληναίοις
685 3063 743 3127 διὰ
764 3062 1005 3150 Καλλιστράτου
1021 3063 1101 3140 κτλ,
1125 3085 1229 3148 neque

86 3178 149 3255 est,
184 3170 271 3253 quod
303 3169 377 3235 huic
410 3168 591 3234 testimonio
624 3167 721 3234 fidem
753 3188 817 3233 non
850 3168 1036 3234 habeamus.
1083 3169 1229 3236 Eundem

86 3279 215 3356 autem,
250 3273 303 3357 qui
337 3273 574 3357 Achamenses,
615 3272 812 3358 Babylonios
846 3291 973 3356 quoque
1007 3272 1154 3339 docuisse
1188 3295 1229 3340 ex

86 3377 343 3444 Achamensium
366 3377 478 3443 fabula
500 3377 584 3443 adeo
607 3396 806 3459 consequens
830 3382 887 3460 est,
911 3381 946 3442 ut
968 3395 1096 3461 prorsus
1118 3397 1229 3444 carere

88 3503 246 3565 queamus
283 3481 475 3547 auctoritate
509 3480 615 3545 Photii
648 3500 723 3564 pag.
752 3481 859 3563 499,1
894 3485 950 3544 aut
983 3479 1104 3546 Suidae
1139 3499 1163 3545 s.
1199 3502 1228 3546 v.

88 3589 225 3668 Σαμίαν
247 3585 264 3648 ὁ
288 3584 404 3670 δῆμος;
428 3583 564 3667 legimus
587 3582 671 3648 enim
694 3583 809 3648 eadem
825 3583 925 3647 verba
941 3583 1029 3668 apud
1045 3589 1228 3666 utrumque:

88 3690 168 3764 τοὺς
209 3687 245 3752 δὲ
278 3688 525 3770 ΒαβυλωνίουςΙ
548 3685 677 3764 ἐδίδαξε
715 3685 771 3748 διὰ
804 3684 1045 3772 Καλλιστράτου
1079 3687 1228 3773 Ἀριστο-

90 3793 198 3878 φάνης
220 3791 286 3856 κτλ.
972 3811 974 3814 ’

178 3896 246 3966 Sed
283 3895 309 3961 si
343 3902 418 3962 ante
448 3893 582 3978 Equites
616 3913 651 3959 se
687 3893 791 3977 ipsum
823 3893 951 3959 chorum
982 3914 1045 3958 non
1075 3893 1228 3978 petivisse

162 4086 183 4155 ¹)
210 4087 292 4142 Unus
319 4085 502 4152 Eritzsohius,
532 4103 596 4138 cnm
625 4082 820 4138 Callistratum
849 4089 878 4137 et
905 4081 1087 4137 Philonidem
1115 4089 1229 4139 actores

92 4175 181 4228 luisse
199 4172 402 4243 Aristophanis
425 4173 487 4241 ipse
511 4189 624 4242 quoquc
649 4170 791 4240 opinetur,
816 4170 846 4222 in
870 4169 988 4233 Quaest.
1006 4167 1095 4224 Arist.
1119 4174 1187 4224 torn.
1206 4170 1230 4225 I.

91 4279 118 4329 p.
136 4261 189 4316 312
206 4259 384 4329 Babylonios
403 4264 433 4313 et
450 4257 651 4312 Acharnenses
670 4275 687 4310 a
705 4255 871 4310 Callistrato
891 4255 1077 4323 abiudicavit,
1096 4257 1174 4326 quod
1192 4275 1229 4311 ne

93 4347 223 4402 Kockius
250 4347 365 4416 quidem
387 4345 484 4400 facere
508 4362 593 4399 ausus
616 4349 668 4398 est.
704 4342 806 4412 Neque
829 4357 898 4398 vero
922 4341 1087 4410 opinionem
1106 4342 1167 4396 eius
1186 4359 1229 4398 re-

93 4449 210 4488 censere
229 4433 303 4487 tanti
322 4439 374 4500 est,
394 4448 478 4502 quam
497 4431 520 4486 si
539 4431 582 4486 vis
602 4445 784 4500 cognoscere,
802 4428 904 4483 librum
922 4427 1150 4483 Fritzschianum
1167 4430 1230 4502 ipse

94 4519 220 4576 evolvas.
