3140 5266
556 415 765 479 *17-

81 601 322 686 Aristophancs
352 601 394 667 ab
422 600 567 667 omnibus
596 603 824 670 extolleretur?
865 604 1070 670 Manifestum
1100 611 1149 671 cst
1177 626 1227 670 co-

80 705 189 771 micos
217 705 296 772 talia
324 707 504 791 prolaturos
530 727 594 772 non
616 706 724 790 fuisse,
753 706 815 772 nisi
838 707 1040 774 Callistratus
1067 715 1100 774 et
1122 709 1227 773 Philo-

80 809 183 876 nides
212 832 233 875 a
259 809 378 896 populo
401 810 468 876 veri
492 810 728 876 comoediarum
750 811 1055 896 Aristophanearum
1079 819 1227 878 auctores

81 913 196 998 putati
219 921 334 980 essent.
384 915 443 979 His
465 914 543 998 ipsis
566 915 763 980 aemulorum
787 915 1044 981 cavillationibus
1068 916 1228 982 sententia

81 1025 200 1084 nostra
221 1018 469 1084 luculentissime
493 1019 656 1103 probatur.
695 1019 763 1085 Sed
786 1013 980 1101 quamquam
995 1021 1227 1105 Aristophanes

80 1123 208 1188 talibus
242 1121 394 1188 conviciis
426 1123 569 1205 undiquc
603 1123 808 1208 carpebatur,
843 1123 971 1190 minime
1004 1124 1128 1192 ratione
1159 1125 1227 1209 illa,

82 1247 187 1309 quarn
209 1227 300 1310 sequi
322 1227 457 1312 solebat,
480 1227 577 1293 lande
601 1233 657 1292 aut
679 1227 782 1309 gloria
804 1247 839 1292 sc
862 1227 997 1292 orbavit.

176 1332 279 1397 Poeta
311 1331 494 1398 comoedias
525 1331 665 1398 scrihere
694 1331 773 1397 satis
802 1331 955 1415 habehat,
990 1331 1089 1396 ctiam
1115 1331 1227 1398 modos
1256 1411 1258 1416 ¹

81 1434 227 1500 musicos
250 1435 386 1501 fortasse
411 1435 633 1520 componebat,
658 1455 851 1517 quamquam
875 1434 916 1500 de
939 1435 1002 1500 hac
1024 1455 1059 1501 re
1080 1434 1227 1501 dubitare
1348 1451 1350 1456 ·

83 1538 176 1623 licet,
206 1559 277 1604 cum
299 1539 523 1624 Aristophanis
546 1544 655 1604 aetate
678 1544 796 1622 poetae
819 1537 881 1604 hoc
902 1558 1015 1604 munus
1041 1540 1227 1624 plerumque

73 1639 166 1708 'viris
200 1643 278 1708 artis
312 1643 522 1727 componendi
556 1642 700 1726 inprimis
734 1641 846 1727 peritis
879 1643 1008 1710 tradere
1042 1643 1183 1708 solerent
1193 1647 1226 1727 ¹).

81 1747 308 1813 Molestiarum
330 1747 537 1831 Aristophani
565 1747 643 1811 nihil
670 1753 749 1832 crat,
780 1767 851 1812 curn
879 1748 945 1812 alia
966 1749 1099 1830 negotia
1122 1749 1228 1814 ornnia

81 1851 228 1916 vicarius
262 1857 456 1935 procuraret.
502 1851 595 1916 Hunc
622 1871 709 1932 vero,
743 1850 798 1915 ubi
832 1851 963 1917 chorum
997 1853 1038 1917 ab
1074 1852 1241 1918 archonte

82 1955 321 2038 impetraverat
343 1973 522 2036 nomenque
546 1953 613 2020 cius
630 1953 721 2036 quasi
738 1953 877 2018 auctoris
893 1954 926 2018 in
941 1955 1050 2020 album
1065 1955 1228 2039 publicum

81 2059 224 2123 relatum
248 2064 327 2142 erat,
350 2057 479 2142 publice
503 2058 610 2123 omnia
627 2063 799 2141 ¹praestare
822 2059 1005 2124 necessario
1029 2077 1228 2142 consequens

83 2169 169 2228 crat.
216 2161 419 2246 Quapropter
452 2167 486 2226 ut
515 2161 645 2226 laudem
672 2162 733 2228 sihi
761 2162 901 2246 parabat
928 2164 1115 2229 comoediae
1146 2183 1228 2229 corn-

82 2267 248 2352 missione,
283 2267 330 2332 ita
362 2267 548 2352 periculum,
583 2267 610 2331 si
644 2267 729 2349 quod
764 2289 781 2332 c
814 2267 926 2332 sabula
959 2270 1162 2353 nascebatur,
1198 2269 1228 2334 ci

82 2371 289 2437 subeundum
317 2377 396 2436 erat.
448 2371 577 2436 Revera
604 2376 711 2436 autern
734 2370 847 2436 vicarii
869 2391 986 2437 nomen
1008 2373 1049 2438 ab
1073 2372 1227 2438 archonte

82 2473 117 2539 in
154 2475 263 2540 album
294 2476 430 2540 relatum
465 2495 546 2559 csse,
581 2494 774 2557 quamquam
808 2497 866 2560 per
900 2497 934 2542 se
962 2477 1130 2561 probabile
1166 2483 1224 2562 cst,

83 2598 285 2662 cognoscere
313 2578 389 2644 licet
412 2599 453 2644 cx
475 2578 573 2644 schol.
598 2578 641 2644 ad
664 2579 717 2644 Ar.
741 2581 824 2644 Plut.
848 2601 895 2646 vs.
921 2582 996 2646 179:
1116 2580 1226 2644 Φιλοι-

82 2682 183 2767 νίδην
217 2682 252 2745 δὲ
287 2683 334 2746 οδ
353 2683 411 2746 τὸν
438 2682 576 2768 ποιητήν
604 2698 682 2766 φησι
710 2682 768 2747 τὸν
793 2681 828 2747 ἐν
856 2692 923 2757 τοῖς
951 2683 1227 2770 Ἀριστοφανείοις

82 2786 348 2872 ἐγγεγραμμένον
382 2785 545 2872 δράμασιν
582 2785 652 2868 (τόν
685 2804 768 2850 τισιν
800 2787 1078 2874 Ἀρισιοφανείοις
1114 2786 1225 2867 ἐπιγε-

82 2893 275 2976 γραμμένον
298 2889 460 2974 δράμασιν
474 2888 646 2972 Dindorf.),
663 2927 704 2938 -
720 2896 752 2954 ct
768 2891 812 2954 ad
826 2890 901 2954 Eur.
918 2890 1069 2956 Androm.
1086 2911 1132 2956 vs.
1144 2893 1225 2958 445:

81 2996 262 3080 εἰλικρινῶς
295 2995 371 3069 τοὺς
400 2999 459 3059 τοῦ
487 2993 652 3080 δράματος
681 2995 820 3080 χρόνους
851 2996 909 3059 οδκ
937 2997 1002 3059 ἔστι
1029 2995 1155 3078 λαβεῖν·
1187 2997 1227 3060 οδ

84 3098 280 3163 δεδίδακναι
302 3099 364 3185 γάρ
383 3097 576 3183 Ἀθήνησιν·
600 3097 617 3160 ὁ
636 3097 671 3160 δὲ
687 3095 896 3180 Καλλίμαχος
910 3097 1134 3186 ἐπιγραφῆναί
1148 3115 1226 3183 φησι

82 3207 121 3289 τῇ
147 3202 314 3287 τραγῳδίᾳ
332 3201 556 3289 Δημοκράτην,
580 3239 621 3250 —-
645 3208 677 3266 et
700 3200 744 3266 ad
765 3200 819 3266 Ar.
836 3202 918 3267 Ran.
942 3221 987 3268 vs.
1010 3203 1064 3268 78:
1090 3202 1225 3268 ...ἐπὶ

82 3311 131 3392 τῷ
167 3315 237 3380 ταῖς
270 3310 329 3370 τοῦ
362 3306 487 3391 πατρὸς
521 3304 718 3393 τραγῳδίαις
750 3304 997 3390 ἐπιγράφεσθαι
1026 3304 1227 3390 κωμῳδεῖται

84 3414 147 3493 (se.
163 3408 301 3493 Ἰοφῶν).
336 3410 442 3492 Atque
458 3409 520 3474 hoc
535 3409 678 3492 verbum,
695 3408 820 3473 scilicet
836 3407 1042 3493 ἐπιγράφειν,
1066 3408 1229 3493 proprium

83 3512 199 3596 fuisse,
235 3531 296 3594 quo
329 3512 357 3578 is
389 3512 518 3596 publice
549 3512 792 3595 significaretur,
828 3512 882 3593 qni
911 3511 1056 3577 fabulam
1086 3511 1226 3596 doceret,

84 3623 228 3701 apparet
262 3636 387 3698 quoque
421 3637 463 3682 ex
494 3616 544 3681 his
578 3616 684 3682 verbis
713 3616 814 3680 Anon.
850 3616 925 3702 περὶ
953 3639 1032 3698 κωμ.
1054 3617 1118 3681 Ill:
1153 3616 1228 3689 τοὺς

84 3720 229 3793 λοιποὺς
255 3724 326 3802 (τοῦ
348 3718 470 3783 λοιποῦ
488 3720 650 3801 Dindorf.)
678 3718 940 3803 ἐπιγραφόμενος
962 3717 1051 3782 ἐνίκα
1075 3722 1130 3802 (so.
1147 3719 1227 3805 Ἀρι-

86 3821 266 3906 στοφάνης)
301 3829 332 3888 et
360 3822 409 3888 his
437 3823 469 3887 in
497 3824 578 3888 Ran.
608 3844 675 3906 arg.
699 3825 729 3887 l:
769 3821 950 3906 Φιλωνίδης
977 3821 1145 3907 ἐπεγράφη
1174 3823 1227 3886 καὶ

84 3925 191 4000 ἕνεκα,
227 3945 309 4008 quae
344 3926 489 3991 Musarus
522 3926 555 3990 in
589 3925 730 3991 editione
764 3925 892 4009 Aldina,
931 3925 1019 3990 haud
1053 3924 1159 4010 dubie,
1193 3933 1229 3991 ut

85 4028 289 4094 Dindorfium
312 4049 438 4114 sequar,
467 4051 509 4095 cx
532 4029 644 4095 codice
668 4029 776 4112 aliquo
800 4027 931 4112 recenti,
959 4027 1066 4114 posuit
1088 4049 1146 4113 pro
1172 4029 1228 4092 διὰ

90 4131 292 4208 Φιλωνίδου,
322 4133 407 4216 quod
436 4133 469 4197 in
491 4133 606 4199 nostris
627 4132 793 4198 codicibus
816 4138 984 4199 exaratum
1007 4137 1064 4198 est.
1110 4133 1228 4198 Verum

161 4377 182 4446 ¹)
200 4375 242 4432 Ut
261 4376 419 4448 exemplum
437 4377 640 4446 hucafferam,
659 4378 689 4431 in
702 4377 771 4434 Vita
788 4376 934 4447 Euripidis
952 4373 1086 4445 legimus:
1105 4377 1130 4428 at
1148 4373 1177 4428 δὲ
1195 4375 1227 4428 τά

86 4466 155 4532 μέλη
174 4461 250 4534 αὐτῷ
268 4467 355 4534 φασιν
371 4463 505 4534 Ἰοφῶντα
524 4465 747 4535 (Κηφισοφῶντα
759 4463 907 4531 Welcker,
925 4462 998 4516 male
1012 4467 1126 4516 secutus
1139 4459 1228 4516 schol.

87 4552 125 4605 ad
144 4549 195 4604 Ar.
213 4551 286 4604 Ran.
305 4569 346 4607 vs.
365 4550 427 4619 944)
448 4559 536 4604 ποιεῖν
555 4549 568 4615 ἢ
591 4550 763 4622 Τιμοκράτην
785 4550 933 4622 Ἀργεῖον.Ι

141 4643 233 4698 Briel,
253 4643 288 4688 De
301 4643 437 4690 Callistrato
450 4649 473 4689 et
487 4643 618 4689 Philonide.
1007 4635 1023 4687 2
