3140 5266
808 329 1023 392 ..52-

349 542 421 586 cnm
450 521 571 586 Cleoue
599 539 715 603 paoem
744 518 891 600 quamvis
917 517 1066 581 ι’·ποοὶον
1095 517 1235 598 lecisset,
1263 516 1296 580 iu
1319 515 1489 580 Socratem

348 633 491 690 verterat
513 644 616 706 neque
640 623 759 707 populo
782 623 988 707 probaverat
1021 622 1099 704 Sed,
1121 631 1156 685 nt
1178 621 1256 704 dixi,
1278 641 1341 684 nou
1364 640 1488 703 premo,

349 728 436 810 quod
464 726 695 811 Aristophanes
722 725 884 790 Philonidi
914 746 1041 808 quoque
1072 726 1171 790 semel
1200 724 1335 790 cessisse
1359 723 1489 805 dicitur,

348 831 539 916 praesertim
560 851 633 896 eum
647 829 861 895 Athenienses
882 829 915 892 in
935 828 1110 893 iudicando
1125 837 1160 892 ut
1174 849 1297 892 summa
1311 827 1489 892 severitate

349 937 395 1000 ita
414 935 531 1018 insigni
546 935 689 1018 quadam
703 933 837 1000 levitate
853 955 916 998 non
931 953 1104 1014 numquam
1119 933 1167 996 usi
1182 933 1255 1016 siut,
1278 932 1489 1014 quamohrem

348 1040 443 1120 louge
459 1038 627 1104 inferiores
641 1045 766 1122 poetas,
787 1045 822 1102 ut
837 1036 970 1118 Bergkii
986 1036 1094 1100 rerhis
1108 1045 1181 1100 utar
1203 1041 1268 1119 (ap.
1281 1036 1376 1100 Mein.
1392 1035 1432 1099 tr.
1446 1036 1488 1098 11.

349 1165 425 1228 pag.
446 1145 533 1226 905),
562 1142 752 1226 saepissime
779 1162 901 1206 summo
924 1141 1044 1206 honore
1068 1140 1183 1221 dignos
1205 1139 1364 1204 iudicatos
1387 1139 1488 1203 fuisse

348 1246 500 1330 reperies.
545 1246 643 1328 Atqui
666 1266 823 1327 nusquam
845 1245 983 1310 occurrit
1004 1244 1183 1326 Proagouis
1205 1243 1392 1308 comoediae
1414 1243 1490 1306 Phi-

347 1350 498 1416 lonideae
521 1350 618 1414 ullum
637 1349 819 1431 vestigium,
843 1369 1038 1430 quamquam
1053 1347 1171 1413 Suidas
1187 1348 1366 1431 complures
1381 1347 1490 1411 Philo-

348 1453 432 1518 nidis
443 1453 572 1518 fabulas
583 1452 761 1518 nominarit
772 1452 893 1534 aliique
905 1472 1016 1516 versus
1028 1451 1281 1535 exscripserunt,
1297 1451 1489 1535 saepissime

349 1579 425 1624 rero
458 1558 607 1640 leguntur
640 1576 751 1622 versus
781 1555 960 1637 Proagonis
991 1555 1123 1620 fabulae
1151 1554 1420 1638 Aristophaueae,
1456 1561 1490 1619 et

348 1661 539 1727 scholiastes
567 1680 694 1742 quoque
716 1659 761 1724 ad
783 1659 881 1743 Vesp.
904 1679 951 1724 vs.
974 1660 1014 1724 61
1039 1659 1241 1740 Pr0agonem
1262 1657 1490 1742 Aristophanis

350 1764 551 1832 comoediam
566 1763 666 1830 fuisse
681 1769 831 1828 testatur:
855 1763 895 1825 oo
916 1761 1021 1844 μόνον
1043 1762 1078 1824 δὲ
1100 1761 1136 1826 ἐν
1158 1762 1259 1847 τούτῳ
1281 1767 1327 1847 τῷ
1346 1761 1489 1843 δράματι

349 1873 407 1950 (se.
436 1867 472 1932 ἐν
497 1878 568 1942 ταῖς
600 1865 957 1952 Θεσμοφοριαζούσαις)
991 1867 1131 1950 εἰσῆκται
1160 1869 1262 1939 οὕτως
1291 1866 1488 1950 Εὐριπίδης,

348 1971 433 2034 ἀλλὰ
464 1972 518 2034 καὶ
551 1970 587 2033 ἐν
613 1975 658 2054 τῷ
684 1970 861 2054 Προάγωνι
887 1971 940 2032 καὶ
971 1969 1006 2033 ἐν
1034 1980 1101 2042 ταῖς
1132 1970 1350 2054 Ἀχαρνεῦσιν.
1395 1968 1489 2046 Quae

350 2095 422 2140 euru
444 2075 491 2140 ita
513 2073 586 2156 siut,
613 2073 800 2140 Philonides
823 2074 1025 2156 Proagonem
1046 2072 1173 2138 ridetur
1194 2093 1367 2154 numquam
1389 2073 1490 2157 serip-

349 2179 439 2262 sisse,
463 2178 553 2242 illam
574 2176 684 2261 potius
706 2197 777 2242 esse
801 2177 945 2242 fabulam
960 2175 1185 2259 Aristophanis
1206 2176 1273 2240 veri
1295 2175 1489 2242 simillimum

350 2289 409 2366 est,
433 2302 529 2364 quam
552 2280 770 2346 coniecturam
792 2301 902 2344 veram
925 2299 997 2346 esse
1020 2278 1096 2343 mihi
1119 2279 1275 2363 persuasi.

434 2386 548 2467 Neque
571 2391 680 2450 lamen
703 2382 877 2465 quicquam
899 2383 1073 2465 effecimus,
1097 2402 1160 2464 qno
1174 2402 1299 2448 summa
1313 2383 1490 2448 difficultas

349 2490 478 2573 tollitur,
503 2507 586 2571 quae
609 2489 691 2553 latet
713 2487 746 2552 iu
769 2508 818 2570 eo,
842 2487 930 2569 quod
951 2507 1032 2552 nnus
1046 2486 1232 2552 Philonides
1255 2488 1336 2552 duas
1358 2487 1490 2552 fabulas
1554 2489 1558 2498 ’

349 2614 407 2660 suo
429 2593 556 2660 nomine
580 2591 729 2658 docuisse
744 2591 890 2656 traditur.
920 2592 1005 2658 Num
1020 2591 1189 2656 credamus
1203 2591 1391 2656 archontem
1406 2592 1490 2657 duos
1563 2569 1564 2601 ¹

349 2698 463 2764 choros
486 2697 516 2762 ei
540 2695 679 2778 dedisse,
704 2715 776 2760 com
799 2694 855 2760 alii
870 2701 988 2778 poetae
1002 2695 1165 2778 repulsam
1179 2695 1322 2760 ferrent?
1343 2697 1387 2762 At
1403 2696 1489 2760 euim
1562 2681 1563 2707 i

349 2803 435 2866 nullo
463 2799 557 2866 modo
586 2799 620 2863 id
642 2799 711 2863 fieri
734 2797 838 2883 potuit
860 2798 970 2881 quinto
993 2797 1123 2880 quidem
1144 2799 1285 2882 saeculo,
1313 2819 1376 2881 quo
1399 2820 1489 2864 more
1561 2801 1562 2813 ¹

349 2905 557 2986 institutoque
580 2902 672 2985 qnasi
693 2903 767 2984 lege
783 2909 929 2968 sanctum
945 2909 1024 2986 erat,
1047 2922 1088 2967 ne
1105 2902 1176 2986 quis
1192 2903 1272 2967 duas
1287 2922 1344 2968 suo
1358 2904 1488 2969 nomine
1560 2901 1561 2921 ¹

351 3007 534 3072 comoedias
573 3006 675 3072 daret.
740 3005 942 3088 Quamquam
976 3012 1090 3088 quarto
1124 3007 1254 3072 saeculo
1287 3007 1322 3072 id
1356 3006 1488 3072 licuisse
1559 3007 1560 3027 *

350 3110 571 3194 cognoscimus
604 3131 645 3174 ex
679 3117 882 3174 monumento
917 3109 1127 3193 didascalico,
1160 3110 1193 3174 iu
1223 3131 1285 3192 quo
1307 3110 1488 3176 Diodorum
1558 3111 1559 3133 ³

350 3214 511 3296 quendam
526 3213 667 3278 Diotimo
691 3213 856 3295 archonte,
880 3212 934 3296 qui
956 3211 1017 3277 fuit
1039 3233 1141 3278 annus
1163 3213 1204 3278 ol.
1227 3215 1330 3296 106,3
1353 3214 1408 3279 vel
1424 3215 1487 3279 353
1557 3219 1558 3239 *

349 3339 379 3383 a.
404 3318 461 3383 Ch.
485 3337 526 3400 ιι,
562 3316 643 3381 duas
670 3316 762 3381 simul
792 3315 977 3381 comoedias
1005 3315 1152 3381 docuisse
1180 3315 1316 3398 legimus
1339 3317 1388 3397 (C.
1405 3318 1432 3382 1.
1448 3319 1486 3382 A.
1556 3331 1557 3345 ¹

348 3423 390 3487 ΙΙ.
406 3423 437 3504 2,
459 3442 505 3485 nr.
523 3420 602 3502 9723
626 3417 667 3484 ef.
684 3439 760 3504 pag.
778 3421 807 3503 3,
831 3418 887 3483 uhi
909 3419 970 3484 hoc
986 3425 1221 3484 mouumentum
1237 3418 1476 3502 exscripsimus)
1555 3423 1556 3451 ¹

348 3525 462 3605 Itaque
497 3522 581 3586 aliae
611 3523 703 3604 leges
730 3522 899 3586 valuernut
925 3522 1056 3586 saeculo
1088 3521 1212 3605 quinto,
1246 3521 1331 3586 aliae
1360 3529 1486 3606 quarto,
1554 3511 1555 3557 ³

348 3627 438 3691 velut
460 3626 558 3690 ctiam
582 3625 720 3707 quinque
744 3630 859 3708 poetas
880 3631 993 3707 quarto
1009 3625 1139 3690 saeculo
1155 3633 1307 3710 certasse,
1331 3646 1396 3690 uon
1411 3632 1485 3709 treS,

349 3734 546 3812 compertum
573 3728 729 3793 hahemus
757 3748 798 3792 ex
827 3727 923 3792 Arist.
946 3728 1029 3792 Plnt.
1058 3748 1126 3810 arg.
1150 3729 1195 3793 IV
1222 3735 1255 3794 et
1284 3750 1325 3794 ex
1347 3729 1487 3812 publicis
1551 3783 1552 3796 ι

348 3830 568 3897 monumentis.
599 3831 712 3914 Neque
732 3829 830 3912 igitur
846 3829 955 3912 quinto
971 3831 1101 3896 saeculo
1116 3831 1302 3898 Philonides
1316 3838 1486 3916 utramque

349 3934 558 4018 comoediam,
575 3935 700 4018 Vespas
716 3940 749 4000 et
764 3935 974 4018 Proagouem,
992 3934 1114 4000 eisdem
1129 3935 1269 4001 Lenaeis
1284 3935 1317 4000 iu
1332 3956 1485 4002 scaenam

348 4038 482 4104 induxit.
527 4037 589 4103 Hic
612 4038 730 4124 haeret¹
747 4058 842 4119 aqua.

436 4141 524 4218 Quas
547 4140 771 4223 angustiasut
789 4146 991 4229 superarent,
1021 4140 1159 4224 fuerunt,
1183 4141 1237 4222 qui
1260 4141 1387 4226 Vespas
1411 4141 1486 4208 Dio·

348 4243 447 4328 nysiis
481 4243 606 4325 maguis
640 4240 831 4326 tribuerent,
866 4243 954 4307 velut
987 4243 1086 4308 Iulius
1113 4244 1245 4309 Richter
1278 4245 1309 4308 in
1343 4245 1485 4311 editione

352 4347 536 4430 Vesperum.
560 4347 664 4426 Berol,
683 4348 775 4416 1858.
806 4346 920 4428 Neque
943 4353 1052 4413 tamen
1074 4347 1158 4412 hauc
1179 4347 1335 4412 rationem
1349 4347 1486 4414 laudare

348 4468 485 4534 possum,
517 4469 589 4514 curn
617 4449 807 4531 didascalia,
840 4469 1035 4532 quamquam
1062 4451 1213 4517 mendum
1242 4450 1376 4534 aliquod
1399 4461 1485 4520 certe
