3140 5266
791 366 998 430 -54-

413 558 563 624 Profecto
593 557 677 622 baec
707 575 824 622 caussa
853 577 931 620 vera
958 576 1028 620 esse
1057 555 1158 638 primo
1187 555 1299 620 obtutu
1327 555 1467 638 videtur,

327 682 387 727 1166
411 667 519 726 tamen
541 659 673 725 Richter
696 659 841 724 versibus
863 658 1030 742 satisfecit,
1060 658 1092 724 iu
1116 678 1249 741 quorum
1271 658 1468 724 sententiam

327 765 424 831 altius
447 764 558 830 debuit
580 769 761 848 penetrare.
805 764 889 830 Nam
912 761 980 828 sive
1002 761 1143 828 Lenaeis
1166 761 1372 846 pronuntiata
1392 768 1469 827 sunt

328 869 396 935 sive
427 866 590 953 Dionysiis
624 866 758 950 magnis,
794 866 874 931 111116
900 872 972 931 sunt
1000 867 1101 931 verba
1128 867 1180 932 vel
1208 865 1357 950 maxime,
1394 887 1470 931 cum

329 973 414 1038 nullo
442 972 537 1038 modo
564 970 700 1052 intelligi
729 969 839 1054 possit,
869 970 895 1035 si
918 969 1063 1052 frugibus
1086 969 1195 1053 pluvia
1220 989 1299 1053 opus
1323 975 1381 1053 est,
1410 991 1471 1034 eur

329 1076 369 1138 τὰ
392 1079 488 1162 πρῷα
515 1095 556 1141 66
579 1093 690 1140 661616
714 1073 845 1157 possint.
895 1073 1023 1138 Etenim
1045 1073 1092 1138 sic
1114 1072 1269 1137 nominari
1292 1079 1469 1156 nequeunt,

329 1181 355 1246 si
376 1178 499 1262 aliquid
513 1178 619 1261 video,
642 1177 703 1242 nisi
719 1179 826 1243 secale
843 1182 875 1242 et
890 1176 1053 1260 hordeum,
1078 1197 1271 1259 quamquam
1288 1177 1328 1243 de
1345 1177 1470 1242 hordeo

331 1283 478 1350 dubitare
501 1282 586 1364 licet,
611 1281 730 1365 quippe
753 1280 839 1362 quod
861 1279 1222 1346 116166116111116661111
1239 1279 1333 1344 finem
1349 1281 1471 1346 mensis

330 1386 453 1468 Martii,
477 1386 584 1450 666616
608 1390 724 1469 autem,
749 1406 821 1448 eum
843 1383 907 1448 iam
930 1383 1019 1448 initio
1044 1383 1186 1448 ciusdem
1209 1383 1326 1448 mensis
1341 1383 1470 1468 floreat,

331 1496 418 1555 certe
453 1495 501 1552 est
529 1490 808 1572 praematurumb.
860 1487 926 1552 Sed
957 1486 1082 1552 etiamsi
1109 1506 1218 1551 mense
1246 1487 1361 1552 Martio
1385 1487 1472 1553 haec

330 1594 489 1658 frumenta
522 1591 588 1656 iam
620 1591 747 1674 florent,
782 1591 892 1675 pluvia
926 1591 973 1656 616
1006 1611 1086 1675 opus
1120 1612 1182 1656 non
1217 1611 1288 1657 6666
1322 1593 1472 1676 potuitne

331 1697 484 1763 affirmari
507 1695 671 1780 Dionysiis
700 1695 835 1778 magnis,
865 1716 948 1778 quae
975 1695 1037 1760 hoe
1064 1716 1172 1761 meuse
1197 1695 1473 1763 celebrabantur?

330 1803 459 1868 Minime
488 1801 522 1866 id
548 1800 617 1866 fieri
640 1798 753 1883 potuit,
783 1799 972 1883 praesertim
995 1819 1066 1864 cum
1089 1800 1174 1864 Maio
1198 1800 1336 1884 denique
1360 1823 1474 1866 mense

331 1907 443 1973 messis
470 1906 570 1971 fieret.
621 1905 734 1970 Utrum
763 1912 861 1987 poeta
888 1902 968 1968 alios
998 1923 1124 1987 quoque
1152 1904 1274 1970 fructus
1303 1905 1474 1990 cogitavit,

332 2011 430 2077 veluti
453 2009 570 2092 vinum,
599 2010 697 2090 oleas,
725 2028 831 2091 poma,
860 2027 971 2090 necne,
1001 2007 1078 2072 nihil
1100 2007 1208 2092 refert,
1238 2010 1392 2093 cumbis,
1417 2011 1476 2092 qui

333 2121 503 2182 auctumno
533 2114 659 2178 demum
688 2113 846 2194 legantur,
874 2111 982 2193 utique
1011 2111 1121 2195 pluvia
1151 2133 1231 2196 opus
1260 2112 1309 2177 sit.
1355 2115 1476 2196 Itaque

334 2220 377 2285 ad
400 2241 466 2284 rem
491 2217 733 2282 diiudicandum
755 2215 833 2280 nihil
856 2221 988 2298 possunt
1011 2215 1130 2281 facere.
1167 2216 1275 2281 Verba
1298 2217 1406 2301 igitur,
1432 2218 1477 2282 de

335 2324 449 2406 quibus
480 2321 614 2404 agimus,
645 2341 705 2385 nec
734 2319 875 2384 Lenaeis
904 2340 966 2384 nee
988 2319 1152 2403 Dionysiis
1175 2320 1300 2401 magnis
1323 2321 1479 2385 videntur

334 2433 412 2512 apta
436 2426 544 2508 fuisse,
567 2425 594 2488 si
617 2422 711 2488 modo
735 2444 813 2487 vera
837 2422 1078 2506 disputavimus.
1115 2422 1251 2488 Accedit
1274 2424 1336 2488 huc
1360 2423 1478 2489 mirum

334 2531 412 2596 illud
434 2529 575 2615 βάρεως
597 2549 672 2592 nam
696 2527 756 2592 etsi
779 2547 842 2591 non
865 2525 994 2591 offendo
1018 2525 1050 2590 111
1073 2525 1134 2590 bac
1157 2526 1269 2610 forma,
1294 2547 1377 2609 quae
1394 2548 1477 2592 66116

335 2635 589 2717 ὑποκοριστικῶς
611 2653 632 2696 6
654 2638 753 2716 poeta
776 2630 903 2695 videtur
925 2629 1032 2714 posita
1048 2649 1119 2695 esse
1136 2651 1193 2714 pro
1209 2635 1340 2715 βορρᾶς,
1365 2637 1479 2696 tamen

337 2739 413 2822 quid
441 2735 577 2819 frigidus
605 2735 791 2819 septemtrio
819 2733 965 2816 frugibus
988 2734 1089 2817 prosit
1111 2756 1172 2799 11611
1196 2735 1350 2819 intelligo,
1381 2757 1479 2820 prae-

336 2841 444 2907 sertim
468 2861 538 2905 cum
561 2839 713 2923 pluviam,
738 2859 802 2920 qua
825 2838 999 2922 praecipue
1023 2857 1103 2922 opus
1125 2844 1183 2922 est,
1208 2839 1260 2903 1116
1283 2845 1396 2904 ventus
1411 2861 1481 2905 non

336 2947 440 3011 soleat
462 2943 494 3007 in
518 2943 689 3024 Graeciam
712 2942 885 3007 adducere.
917 2941 1007 3018 Quae
1031 2942 1058 3008 si
1081 2963 1205 3008 mecum
1228 2949 1340 3027 reputo
1357 2944 1479 3029 omnia,

336 3049 369 3113 111
394 3068 504 3113 versus
528 3046 656 3112 obscuri
680 3065 750 3110 csse
774 3045 852 3109 mihi
874 3045 1024 3110 videntur
1046 3047 1099 3111 vel
1121 3046 1259 3111 maxime
1283 3053 1380 3129 atque
1403 3067 1481 3112 con-

336 3154 439 3219 tinere
473 3151 581 3217 nescio
616 3150 693 3233 quid
726 3150 920 3215 facetiarum
953 3156 987 3215 ct
1015 3150 1143 3234 leporis,
1178 3151 1264 3233 qnod
1291 3151 1481 3234 perspicere

338 3257 445 3322 adhuc
472 3276 535 3320 non
564 3254 698 3337 contigit
725 3275 830 3335 neque
862 3274 1012 3335 nmquam
1041 3253 1176 3319 fortasse
1205 3254 1383 3337 continget,
1415 3254 1481 3319 nisi

339 3363 422 3427 forte
446 3358 560 3424 11116616
583 3360 684 3423 verba
707 3359 889 3442 depravata
912 3377 982 3422 esse
1005 3357 1162 3441 suspicari
1185 3356 1296 3422 mavis.

425 3481 516 3559 Quae
546 3500 617 3545 eum
647 3479 693 3544 ita
723 3479 795 3562 sint,
824 3500 864 3545 ne
892 3480 952 3543 hoo
982 3478 1111 3562 quidem
1133 3478 1203 3542 loco
1226 3477 1272 3542 uti
1294 3477 1380 3561 licet,
1413 3500 1481 3561 quo

339 3589 518 3670 vesparum
542 3590 667 3667 tempus
690 3583 823 3648 definire
846 3603 1009 3665 queamus.
1060 3582 1200 3647 Lenaeis
1223 3587 1298 3646 acta
1322 3587 1370 3647 est
1393 3583 1482 3648 haec
1568 3575 1569 3584 ’

340 3688 507 3755 comoedia
542 3694 574 3751 et
607 3686 744 3751 maxime
778 3686 895 3752 idonea
923 3687 992 3770 fuit,
1025 3706 1108 3769 quae
1137 3686 1197 3772 hoc
1227 3685 1310 3751 festo
1334 3686 1479 3751 daretur.
1568 3674 1569 3694 ¹

340 3795 423 3860 Nam
446 3797 559 3876 poetas
583 3789 721 3855 comicos
744 3795 943 3872 spectatores
965 3790 1146 3874 respexisse
1162 3789 1194 3853 in
1211 3788 1368 3872 eligendis
1383 3789 1481 3854 festis

340 3897 417 3962 mihi
441 3915 627 3981 persuasum
652 3901 709 3978 est,
740 3913 800 3958 1166
822 3900 1005 3977 repugnant
1027 3892 1102 3958 huic
1125 3892 1304 3958 sententiae
1328 3891 1482 3958 didasca-

340 4000 416 4084 liae,
444 4021 524 4082 quas
547 3998 676 4082 quidem
699 3995 896 4082 noverimus3
925 3995 991 4061 6116
1015 3996 1251 4061 comoediarum
1275 4003 1481 4081 argumenta,

414 4259 433 4327 ¹)
457 4257 577 4314 Secutus
596 4277 655 4313 sum
676 4259 803 4314 rationes
822 4258 947 4328 Augusti
966 4259 1136 4312 Mommsen:
1155 4257 1211 4311 Die
1230 4255 1279 4312 VI.
1299 4274 1385 4310 1116116.
1407 4257 1483 4314 Feb.

343 4347 441 4415 spicae
460 4345 566 4401 virides
585 4345 686 4399 seculis
700 4345 736 4398 de
749 4345 885 4400 folliculis
898 4351 1011 4412 exeunt,
1030 4343 1115 4398 florct
1127 4343 1221 4398 666616
1235 4343 1281 4396 dic
1294 4343 1375 4396 VIII.
1389 4361 1484 4399 mens.

343 4433 435 4499 Mart,
462 4431 600 4486 hordeum
626 4432 671 4484 die
694 4431 806 4485 XXIII.
824 4449 911 4485 1116116.
930 4431 1024 4494 Mart,
1048 4430 1173 4485 triticum
1198 4430 1244 4484 die
1262 4428 1369 4484 XXVI.
1388 4447 1483 4486 mens.

343 4517 413 4591 Apr.
432 4518 533 4574 Messis
550 4517 653 4590 incipit
671 4519 758 4572 tertio
778 4518 839 4573 fare
859 4518 905 4572 die
924 4535 1012 4572 mens.
1031 4517 1098 4572 Mai.
