3140 5266
543 389 735 450 ,5.-

52 576 166 642 Vitae
201 583 335 660 partem,
369 577 402 640 in
436 597 500 658 qua
526 577 608 642 haee
637 577 737 642 verba
765 578 923 660 leguntur,
959 575 1108 644 inferiore
1135 579 1206 644 loce

52 686 214 763 poneret,
239 679 428 764 praesertim
450 700 521 745 cum
543 701 606 746 non
629 686 696 745 tam
718 681 759 745 de
782 679 850 745 vita
866 679 1089 766 Aristophanis
1111 702 1208 763 quam

18 786 24 796 '
53 783 105 847 dc
144 785 240 849 rebus
274 783 419 849 omnibus
452 790 486 849 et
519 783 710 866 quibusdam
743 783 815 850 aliis
841 783 875 848 in
902 804 942 850 00
969 791 1095 868 agatur.
1147 787 1208 852 Illa
1317 804 1319 808 ’

54 893 180 952 autem
208 886 252 952 ad
278 887 361 954 Nub.
385 907 431 952 vs.
455 888 517 952 531
552 888 651 953 verba
681 886 832 953 Graeculi
856 908 931 953 esse
961 909 1020 972 per
1047 909 1082 956 00
1105 894 1206 973 patet,

56 1011 167 1071 quam
201 991 241 1056 ob
275 1011 343 1056 rem
376 990 462 1058 idem
490 989 672 1056 Dindorfius
706 989 796 1056 uncis
824 1012 865 1056 ea
892 991 1032 1075 seclusit,
1067 1013 1150 1074 quae
1181 993 1208 1058 si

55 1094 166 1177 plane
197 1093 354 1177 eiecisset,
387 1115 451 1159 non
482 1093 706 1178 improbarem.
756 1094 906 1161 Ceterum
933 1096 1068 1161 alterum
1096 1095 1208 1161 horum

57 1204 282 1264 commentum
318 1199 360 1264 ab
398 1199 500 1264 altero
538 1198 679 1282 pendere
717 1197 786 1264 veri
818 1197 894 1266 mihi
929 1199 1056 1266 videtur
1089 1199 1207 1265 similli-

57 1323 154 1367 mum
177 1322 257 1368 esse.

155 1407 270 1489 Itaque
304 1427 408 1489 neque
438 1405 639 1472 Callistratus
668 1426 772 1488 neque
801 1405 986 1472 Philonides
1012 1407 1045 1472 in
1074 1429 1205 1475 numere

58 1509 257 1576 histrionum
279 1510 348 1594 fuit,
372 1511 460 1575 velut
475 1509 698 1593 Apollodorus,
723 1509 777 1591 qui
792 1511 911 1575 Pacem
932 1511 1009 1594 egit,
1033 1517 1120 1578 certo
1137 1512 1206 1578 fuit.

59 1615 183 1695 Neque
211 1620 319 1679 tamen
348 1613 406 1679 hos
436 1613 521 1679 viros
549 1633 785 1696 nonnumquam
814 1619 924 1698 partes
952 1635 1078 1698 quoque
1101 1616 1207 1698 egisse

61 1718 254 1802 praefracte
282 1739 377 1802 nego,
412 1739 484 1783 cum
514 1716 612 1783 etiam
641 1717 703 1782 illis
731 1717 928 1800 temporibus
957 1725 1085 1803 poetae,
1120 1721 1207 1785 velut

62 1821 262 1907 Sophocles,
296 1822 358 1906 ipsi
385 1822 544 1888 interdum
573 1841 671 1904 agere
702 1822 854 1886 solerent:
889 1821 958 1906 ipse
986 1821 1049 1890 hac
1076 1822 1207 1890 lieentia
1237 1815 1242 1821 ⁶

61 1926 153 1992 infra
186 1932 271 2010 utar,
306 1946 435 1992 munere
470 1924 630 1990 histrionis
663 1916 820 2008 perpetuo
848 1930 961 1991 neuter
989 1925 1118 1992 functus
1147 1933 1206 1994 est'

63 2032 183 2112 Itaque
206 2030 328 2096 reiecta
351 2037 400 2096 est
422 2029 529 2113 opinio
545 2029 726 2113 Kookiana‚
751 2029 923 2113 repudiata
946 2035 1019 2096 sunt
1035 2030 1206 2098 Graeculo

63 2155 137 2199 rum
160 2133 341 2200 testimonia
364 2135 417 2199 vel
439 2133 545 2218 potius
568 2140 756 2200 commenta.

155 2239 198 2302 Et
221 2238 470 2321 quotusquisque
493 2237 589 2304 hodie
614 2243 672 2320 est,
696 2236 750 2319 qui
773 2235 834 2302 sibi
857 2236 996 2302 nondum
1012 2239 1208 2322 persuaserit

65 2342 317 2427 Aristophanem
345 2342 443 2408 etiam
471 2348 544 2426 post
570 2340 720 2424 Equitum
752 2339 1005 2406 commissionem
1028 2343 1208 2427 complures

66 2448 122 2512 vel
145 2446 243 2512 etiam
265 2445 417 2532 plurimas
439 2446 569 2512 fabulas
591 2466 654 2511 non
676 2445 781 2529 ipsum
802 2445 836 2510 in
857 2465 1011 2512 scaenam
1033 2446 1207 2518 induxisse>

66 2551 128 2616 sed
150 2551 222 2616 aliis
245 2550 383 2634 dedisse,
408 2549 460 2632 qui
485 2549 616 2615 chorum
631 2550 673 2614 ab
689 2549 843 2614 archonte
859 2554 1015 2633 peterent,
1039 2548 1208 2618 histriones

68 2662 103 2719 et
125 2654 294 2720 choreutas
317 2654 528 2737 instituerent,
553 2651 753 2718 comoediam
775 2672 832 2717 suo
854 2652 981 2718 nomine
997 2652 1030 2718 in
1045 2659 1208 2720 certamen

68 2759 312 2842 committerent,
329 2758 360 2823 h.
373 2779 400 2824 c.
414 2758 559 2823 fabulam
574 2757 736 2840 docerent,
754 2755 845 2839 quasi
860 2755 922 2840 ipsi
935 2757 1208 2841 composuissent?

69 2864 288 2947 Susceperunt
321 2868 428 2928 autern
456 2861 517 2927 hoc
545 2861 709 2944 negotium
733 2860 934 2926 Callistratus
958 2866 990 2928 et
1011 2860 1206 2928 Philonides,

69 2967 137 3034 Sed
170 2967 299 3048 quinam
332 2966 432 3049 inere,
470 2985 542 3031 cum
575 2969 701 3030 actores
735 2984 790 3030 eos
822 2963 921 3030 fuisse
955 2972 1109 3047 negatum
1141 2965 1208 3032 sit?
1287 3006 1291 3010 -

69 3071 219 3138 Profecto
242 3071 273 3136 ei
295 3070 433 3152 suerunt,
457 3068 511 3150 qui
534 3087 605 3134 esse
629 3068 802 3152 debebant,
827 3088 899 3134 cum
921 3068 1003 3134 alius
1022 3075 1140 3152 poetae
1157 3089 1207 3134 co

70 3175 214 3241 rnoedias
253 3173 381 3258 proprio
415 3171 542 3237 nomine
576 3171 744 3255 docerent,
782 3191 897 3255 nempe
932 3176 1049 3254 poetae
1085 3171 1207 3237 cornici.

71 3279 271 3346 Philonidem
302 3283 432 3363 poetam
461 3276 559 3342 fuisse
590 3281 717 3342 constat
740 3282 772 3341 et
795 3275 975 3340 testimonio
998 3274 1130 3359 Suidae,
1155 3275 1209 3358 qui

72 3385 169 3451 etiam
202 3383 310 3448 titulos
336 3381 503 3446 nonnullos
530 3379 768 3445 comoediarum
796 3379 891 3445 affert
901 3381 932 3461 ¹),
968 3384 1000 3444 et
1027 3378 1209 3444 fabularum

71 3487 213 3570 reliquiis
236 3488 277 3552 ab
301 3485 469 3550 Athenaeo
493 3489 529 3548 00
540 3483 672 3548 Ρο11000
695 3483 848 3563 servatis3
874 3482 914 3547 de
931 3482 1114 3548 Callistrato
1129 3483 1207 3548 nihil

73 3592 151 3659 certi
171 3591 215 3656 ad
229 3610 287 3656 nos
302 3587 486 3675 permansit.
517 3588 630 3669 Neque
645 3592 754 3651 tamen
770 3585 890 3670 dubito,
916 3585 991 3668 quin
1007 3586 1209 3652 Callistratus

74 3716 198 3780 quoque
232 3701 330 3778 poeta
364 3692 504 3758 comicus
537 3690 647 3775 fuerit,
683 3709 754 3756 cum
781 3689 1028 3773 Aristophanem
1061 3695 1208 3774 poetae

73 3821 176 3866 rerum
210 3797 431 3864 scaenicorum
463 3795 566 3880 perito
600 3794 728 3860 fabulas
762 3815 833 3858 cunr
867 3793 948 3858 alias
983 3800 1048 3860 tum
1074 3793 1209 3878 primam

75 3903 211 3980 maxime
241 3902 319 3966 dare
348 3919 480 3966 necesse
509 3904 604 3981 essct,
633 3897 660 3962 si
688 3897 816 3980 quidem
839 3896 963 3980 aliquid
984 3917 1115 3981 sperare
1140 3897 1207 3964 eius

76 4009 235 4074 intererat.

160 4109 244 4188 Quin
260 4108 357 4174 etiam
372 4126 560 4192 persuasum
575 4104 651 4170 mihi
667 4111 716 4170 est
727 4105 798 4170 loco
811 4104 951 4186 quodam
962 4103 1207 4190 Aristophaneo,

134 4269 280 4278 -.....-----

147 4353 164 4421 ¹)
189 4351 349 4418 Φιλωνίδης,
372 4350 522 4416 Ἀθηναῖος,
545 4349 659 4418 κωμικὰς
677 4346 802 4418 ἀρχαῖος·
826 4347 958 4418 πρότερον
975 4347 1004 4401 δὲ
1024 4343 1056 4412 ἦν
1074 4349 1209 4418 γναφεύς.

81 4443 118 4508 (ὃς
139 4440 271 4513 πρότερον
294 4433 327 4503 ἦν
349 4437 471 4509 γραφεύς
488 4437 626 4492 Eudocia.
645 4453 712 4508 pag.
730 4435 802 4504 428).
836 4435 891 4488 τῶν
908 4435 1056 4506 δραμάτων
1074 4432 1159 4490 adnot
1178 4430 1211 4503 ἦν

83 4529 222 4598 Κόθορνοι,
240 4525 351 4592 ’Arriam
372 4527 537 4592 Φιλέταιρος.
927 4535 930 4538 “
