3140 5266
799 359 1011 424 ..62-

334 547 475 632 palmam
498 547 559 612 sibi
581 548 770 631 concedant,
794 555 850 614 aut
873 553 989 632 monet,
1012 569 1053 613 ne
1068 568 1146 614 suae
1163 547 1361 633 comoediae,
1385 549 1506 632 qnod.

334 651 469 735 primum
490 650 663 716 inducendi
685 652 789 717 locum
812 652 942 718 sortitus
964 651 1014 736 sit,
1039 652 1278 718 obliviscantur.

420 761 534 841 Itaque
563 755 777 839 Amphiaraus
804 762 837 821 et
859 757 945 821 Aves
972 743 1094 840 primae
1122 763 1195 823 sunt
1216 758 1358 842 fabulae,
1388 778 1479 840 quae

335 870 408 950 post
429 864 550 927 Pacem
571 859 664 925 nobis
687 865 865 926 occurrunt.
916 858 1032 924 Avium
1054 859 1138 926 haec
1161 869 1211 926 cst
1234 862 1417 927 didascalia
1441 862 1479 925 in

335 989 404 1051 arg.
428 969 458 1032 I:
492 963 677 1048 Ἐδιδάχθη
704 963 759 1026 ἐπὶ
786 967 934 1049 Χαβρίου
964 962 1021 1026 διά
1042 963 1284 1048 Καλλιστράτου
1313 965 1348 1031 ἐν
1370 965 1477 1040 ἄστει,

335 1075 371 1146 bg
403 1071 442 1156 ἦν
471 1068 617 1154 δεύτερος
646 1078 713 1142 τοῖς
735 1068 870 1154 Ὄρνισι,
905 1071 1034 1152 πρῶτος
1063 1068 1238 1153 Ἀμειψίας
1265 1074 1476 1152 Κωμασταῖς,

334 1178 440 1260 τρίτος
480 1171 641 1258 Φρύνιχος
675 1170 895 1255 Μονοτρόπῳ.
951 1171 1057 1254 Atque
1091 1171 1123 1235 in
1158 1193 1226 1256 arg.
1253 1174 1285 1237 ΙΙ
1318 1173 1476 1256 legimus:

333 1277 409 1341 Ἐπὶ
430 1279 577 1360 Χαβρίου
606 1275 643 1337 τὸ
667 1273 775 1361 δρᾶμα
797 1277 940 1358 καθῆκεν
961 1277 1007 1349 τίς
1028 1277 1109 1338 άστυ
1132 1275 1189 1338 διὰ
1211 1276 1475 1362 Καλλιστράτου·

334 1382 379 1454 είς
407 1378 443 1442 δὲ
465 1378 594 1462 Λήναια
621 1377 678 1442 τὸν
699 1376 895 1462 Ἀμφιάραον
921 1376 1051 1456 ἐδίδαξε
1075 1378 1132 1442 διά
1157 1379 1351 1443 Φιλωνίδου.
1397 1380 1476 1457 Qui-

335 1485 395 1550 bus
427 1481 514 1565 quod
542 1480 720 1546 adiciamus
747 1481 824 1546 nihil
852 1482 1016 1548 habemus.
1069 1482 1223 1548 Videmus
1253 1483 1474 1549 Callistratum

335 1594 368 1654 et
382 1585 583 1651 Philonidcm
605 1585 726 1669 pariter
745 1591 843 1667 atquc
859 1591 957 1669 autea
971 1585 1195 1670 Aristophanis
1211 1587 1338 1652 fabulas
1354 1587 1475 1653 docere

334 1711 392 1758 suo
414 1689 550 1774 nomine,
575 1688 661 1772 quod
684 1689 800 1754 eadem
822 1689 959 1754 onmium
981 1710 1086 1756 rerum
1107 1711 1171 1772 qua
1186 1691 1273 1775 prius
1288 1691 1474 1756 conditione

334 1795 456 1862 factum
478 1814 548 1860 esse
572 1800 823 1860 cousentaneum
847 1799 904 1858 est.

420 1899 602 1964 Proximam
636 1918 762 1981 quoque
796 1897 949 1980 fabulam,
985 1897 1025 1962 dc
1055 1898 1143 1963 cuius
1171 1899 1298 1964 actione
1325 1899 1473 1984 legimus

334 2003 548 2088 Lysistratam
577 2001 709 2083 scilicet,
738 2001 939 2066 Callistratus
969 2002 1059 2066 dedit
1081 2023 1165 2068 auno
1187 2006 1261 2070 411.
1311 2005 1473 2089 Tempore

334 2127 397 2172 non
412 2107 543 2172 multum
559 2106 675 2170 absunt
687 2104 1049 2189 Thesmophoriazusac,
1066 2126 1149 2189 quac
1163 2108 1329 2172 comoedia
1342 2108 1472 2190 quando

335 2218 368 2276 et
390 2231 448 2294 per
471 2230 565 2293 quem
589 2208 756 2274 commissa
779 2209 829 2292 sit,
858 2230 929 2274 cum
953 2209 1133 2277 didascalia
1155 2231 1283 2295 prorsus
1305 2211 1472 2296 interierit,

335 2335 398 2379 nou
421 2314 581 2380 docemur.
626 2313 733 2377 Etiam
761 2312 963 2396 Lysistratae
992 2313 1172 2379 didascalia
1200 2314 1296 2380 valde
1325 2315 1474 2381 mutilata

336 2425 401 2484 est:
436 2416 600 2501 ἐδιδάχθη
633 2417 688 2480 ἐπὶ
716 2416 859 2480 Καλλίου
894 2417 1051 2498 ἄρχοντος
1084 2421 1143 2482 τοῦ
1175 2418 1255 2500 μετὰ
1282 2418 1474 2506 Κλεόκριτον

335 2523 503 2608 ἄρξαντος.
548 2522 688 2605 εἰσῆκται
716 2519 751 2583 δὲ
780 2519 837 2583 διὰ
857 2519 1108 2606 Καλλιστράτου.
1153 2523 1266 2603 Neque
1289 2521 1387 2604 igitur
1410 2544 1472 2606 quo
1565 2509 1566 2592 J

335 2626 418 2691 festo
441 2625 523 2692 haec
547 2624 714 2690 comoedia
737 2630 813 2690 acta
835 2625 885 2708 sit,
910 2632 1106 2709 compertum
1122 2625 1285 2692 habemus.
1317 2627 1385 2692 Sed
1400 2648 1472 2692 cum

335 2736 469 2811 utraque
499 2727 620 2811 tabula,
654 2727 838 2812 Lysistrata
866 2733 898 2792 et
926 2727 1286 2813 Thesmophoriazusae,
1317 2729 1361 2794 ad
1392 2730 1472 2813 opti-

335 2837 438 2896 mates
467 2850 592 2912 quoquc
616 2836 750 2914 spectet,
780 2829 833 2912 qui
860 2851 935 2894 vere
959 2829 1035 2894 anni
1056 2833 1118 2895 411
1142 2830 1362 2915 reipublicae
1386 2839 1472 2896 statu

335 2955 447 3000 everso
482 2934 608 3000 clavum
640 2934 701 2998 sibi
734 2933 796 3018 ipsi
830 2933 1045 3019 arripuerunt,
1080 2936 1132 2999 vel
1163 2935 1301 3002 maxime
1328 2935 1470 3021 interest,
1564 2987 1565 3021 ,

335 3037 464 3121 quaudo
498 3037 561 3102 hac
591 3037 778 3102 comoediae
805 3036 838 3100 in
867 3057 1019 3128 scaenam
1048 3037 1199 3103 inductae
1227 3038 1289 3103 sint
1319 3046 1471 3105 accurate
1564 3027 1565 3033 λ

334 3142 426 3207 scire.
472 3141 563 3218 Quae
592 3162 663 3207 cum
685 3141 731 3206 ita
754 3141 825 3225 siut,
855 3141 950 3207 valde
975 3140 1077 3226 doleo,
1107 3141 1193 3224 quod
1215 3142 1307 3208 huius
1331 3143 1471 3228 disputa-

334 3245 429 3310 tionis
456 3245 571 3310 fiuibus
599 3266 750 3311 coerceor
778 3251 875 3328 atque
902 3245 1068 3330 impedior,
1098 3246 1263 3328 quominus
1287 3247 1472 3330 diligentius

334 3349 418 3415 hauc
442 3348 662 3432 quaestionem
684 3349 862 3415 instituam:
887 3348 973 3431 quod
995 3349 1153 3434 posterius
1169 3349 1344 3432 aliquando
1361 3350 1470 3416 facere

333 3452 409 3517 mihi
440 3451 637 3537 propositum
668 3459 725 3518 cst.
777 3453 898 3518 Multae
928 3447 1019 3518 enim
1039 3459 1111 3517 sunt
1133 3453 1173 3519 de
1197 3453 1259 3519 hac
1282 3455 1471 3537 quaestione

332 3558 478 3640 prolatae
513 3577 618 3639 nugae
653 3563 686 3621 ct
719 3555 878 3639 ineptiae,
923 3563 1020 3638 atque
1054 3555 1191 3621 maxime
1226 3557 1309 3622 inter
1347 3564 1471 3624 ceteros

331 3659 436 3724 tloruit
458 3661 588 3745 laepius
616 3659 755 3742 quidam,
786 3658 839 3741 qui
867 3658 1070 3724 incredibilia
1094 3660 1250 3724 commisit
1272 3659 1304 3724 in
1328 3660 1471 3745 disputa-

332 3763 436 3828 tione:
475 3762 545 3839 Quo
579 3783 663 3828 anno
690 3769 722 3827 et
756 3763 870 3845 quibus
898 3762 1010 3826 diebus
1040 3763 1131 3827 festis
1158 3763 1341 3847 Lysistrata
1372 3771 1469 3849 atquc

332 3867 684 3951 Thesmophoriazusae
708 3868 825 3933 doctae
848 3868 919 3932 sint.
964 3867 1070 3933 Eutin.
1106 3870 1217 3951 Progr.
1241 3891 1348 3954 gymn.
1375 3873 1469 3937 1859.

332 3971 428 4036 Oertc
463 3971 546 4036 enim
579 3971 644 4036 iam
678 3973 863 4055 Droyseuus
896 3970 993 4036 evicit
1020 3971 1236 4056 Lysistratam
1264 3980 1371 4038 actam
1399 3995 1469 4040 csse

332 4074 496 4159 Dionysiis
518 4074 644 4156 magnis
667 4075 742 4139 anni
762 4077 835 4157 411,
860 4074 1208 4159 Thesmophorianusas
1232 4075 1373 4141 Lenaeis
1395 4078 1467 4144 410.

332 4177 425 4254 Quod
449 4197 520 4244 cum
542 4177 591 4242 vir
613 4177 727 4242 doctus
750 4177 872 4242 caussis
894 4177 973 4242 satis
995 4178 1102 4242 multis
1122 4178 1338 4260 gravibusque
1354 4180 1469 4263 proba·
1561 4247 1562 4250 ,

332 4280 423 4365 verit,
440 4280 525 4346 aliae
542 4300 668 4362 quoque
684 4300 787 4362 neque
804 4301 925 4365 parvae
941 4280 1153 4366 inveniuntur,
1174 4282 1289 4364 quibus
1304 4301 1355 4347 res
1371 4283 1469 4348 etiam
1561 4299 1562 4327 ι

331 4384 436 4467 magis
467 4391 575 4469 potest
607 4383 752 4450 stabiliri.
809 4383 985 4449 Sed'haec
1012 4383 1184 4449 hactenus:
1219 4406 1294 4449 nam
1322 4387 1467 4468 quaestio

332 4489 461 4572 gravior
484 4497 542 4573 est,
568 4509 663 4571 quam
686 4495 720 4552 ut
743 4488 855 4573 paucis
879 4494 976 4570 queat
1000 4489 1133 4554 absolvi.
