<?xml version="1.0" encoding="UTF-8"?>
<!DOCTYPE html PUBLIC "-//W3C//DTD XHTML 1.0 Transitional//EN"
    "http://www.w3.org/TR/xhtml1/DTD/xhtml1-transitional.dtd">
<html xmlns="http://www.w3.org/1999/xhtml" xml:lang="en" lang="en">
 <head>
  <title>
</title>
<meta http-equiv="Content-Type" content="text/html;charset=utf-8" />
  <meta name='ocr-system' content='tesseract 3.04.00' />
  <meta name='ocr-capabilities' content='ocr_page ocr_carea ocr_par ocr_line ocrx_word'/>
</head>
<body>
  <div class='ocr_page' id='page_1' title='image "./decallistratoet00briegoog_0038.png"; bbox 0 0 3140 5266; ppageno 0'>
   <div class='ocr_carea' id='block_1_1' title="bbox 566 335 778 398">
    <p class='ocr_par' dir='ltr' id='par_1_1' title="bbox 566 335 778 398">
     <span class='ocr_line' id='line_1_1' title="bbox 566 335 778 398; baseline 0.009 -18"><span class='ocrx_word' id='word_1_1' title='bbox 566 335 778 398; x_wconf 72' lang='lat'>--27-</span> 
     </span>
    </p>
   </div>
   <div class='ocr_carea' id='block_1_2' title="bbox 252 519 1099 815">
    <p class='ocr_par' dir='ltr' id='par_1_2' title="bbox 252 519 1099 815">
     <span class='ocr_line' id='line_1_2' title="bbox 252 519 985 608; baseline 0 -24"><span class='ocrx_word' id='word_1_2' title='bbox 252 524 296 608; x_wconf 80' lang='grc' dir='ltr'>μή</span> <span class='ocrx_word' id='word_1_3' title='bbox 320 544 377 604; x_wconf 85' lang='grc' dir='ltr'>μοι</span> <span class='ocrx_word' id='word_1_4' title='bbox 399 520 594 605; x_wconf 67' lang='grc' dir='ltr'><strong><em>φθονήσητ’,</em></strong></span> <span class='ocrx_word' id='word_1_5' title='bbox 617 521 735 608; x_wconf 83' lang='grc' dir='ltr'><strong><em>ἄνδρες</em></strong></span> <span class='ocrx_word' id='word_1_6' title='bbox 758 519 789 584; x_wconf 76' lang='grc' dir='ltr'>οἱ</span> <span class='ocrx_word' id='word_1_7' title='bbox 812 523 985 603; x_wconf 68' lang='lat' dir='ltr'>usupare,</span> 
     </span>
     <span class='ocr_line' id='line_1_3' title="bbox 254 623 1011 709; baseline -0.001 -20"><span class='ocrx_word' id='word_1_8' title='bbox 254 629 283 689; x_wconf 82' lang='grc' dir='ltr'>εἰ</span> <span class='ocrx_word' id='word_1_9' title='bbox 305 625 437 707; x_wconf 76' lang='grc' dir='ltr'><strong><em>πτωχὸς</em></strong></span> <span class='ocrx_word' id='word_1_10' title='bbox 460 629 505 690; x_wconf 76' lang='grc' dir='ltr'>ὥν</span> <span class='ocrx_word' id='word_1_11' title='bbox 528 626 626 687; x_wconf 74' lang='grc' dir='ltr'><strong><em>ἔπειτ’</em></strong></span> <span class='ocrx_word' id='word_1_12' title='bbox 649 623 683 689; x_wconf 73' lang='grc' dir='ltr'>ἐν</span> <span class='ocrx_word' id='word_1_13' title='bbox 704 625 886 709; x_wconf 73' lang='grc' dir='ltr'><strong><em>’Ἀθηναίοις</em></strong></span> <span class='ocrx_word' id='word_1_14' title='bbox 908 624 1011 704; x_wconf 78' lang='grc' dir='ltr'><strong><em>λέγειν</em></strong></span> 
     </span>
     <span class='ocr_line' id='line_1_4' title="bbox 252 727 1099 815; baseline -0.002 -23"><span class='ocrx_word' id='word_1_15' title='bbox 252 730 357 812; x_wconf 78' lang='grc' dir='ltr'><strong><em>μέλλω</em></strong></span> <span class='ocrx_word' id='word_1_16' title='bbox 382 727 455 815; x_wconf 79' lang='grc' dir='ltr'><strong><em>περὶ</em></strong></span> <span class='ocrx_word' id='word_1_17' title='bbox 478 732 532 814; x_wconf 82' lang='grc' dir='ltr'>τῆς</span> <span class='ocrx_word' id='word_1_18' title='bbox 555 728 692 803; x_wconf 81' lang='grc' dir='ltr'><strong><em>πόλεως,</em></strong></span> <span class='ocrx_word' id='word_1_19' title='bbox 716 728 940 814; x_wconf 73' lang='grc' dir='ltr'><strong><em>τρυγῳδίαν</em></strong></span> <span class='ocrx_word' id='word_1_20' title='bbox 963 731 1099 792; x_wconf 83' lang='grc' dir='ltr'><strong><em>ντοιῶν.</em></strong></span> 
     </span>
    </p>
   </div>
   <div class='ocr_carea' id='block_1_3' title="bbox 83 848 1237 1227">
    <p class='ocr_par' dir='ltr' id='par_1_3' title="bbox 83 848 1237 1227">
     <span class='ocr_line' id='line_1_5' title="bbox 180 848 1236 934; baseline -0.004 -18"><span class='ocrx_word' id='word_1_21' title='bbox 180 850 288 916; x_wconf 90' lang='lat' dir='ltr'>Claris</span> <span class='ocrx_word' id='word_1_22' title='bbox 302 850 401 934; x_wconf 82' lang='lat' dir='ltr'>igitur</span> <span class='ocrx_word' id='word_1_23' title='bbox 415 849 522 915; x_wconf 87' lang='lat' dir='ltr'>verbis</span> <span class='ocrx_word' id='word_1_24' title='bbox 539 849 741 915; x_wconf 80' lang='lat' dir='ltr'>Callistratus</span> <span class='ocrx_word' id='word_1_25' title='bbox 757 869 791 914; x_wconf 88' lang='lat' dir='ltr'>se</span> <span class='ocrx_word' id='word_1_26' title='bbox 808 849 1008 914; x_wconf 78' lang='lat' dir='ltr'>comoediam</span> <span class='ocrx_word' id='word_1_27' title='bbox 1020 848 1236 933; x_wconf 76' lang='lat' dir='ltr'>composuisse</span> 
     </span>
     <span class='ocr_line' id='line_1_6' title="bbox 83 952 1237 1038; baseline -0.001 -21"><span class='ocrx_word' id='word_1_28' title='bbox 83 953 172 1018; x_wconf 89' lang='lat' dir='ltr'>dicit</span> <span class='ocrx_word' id='word_1_29' title='bbox 209 955 263 1019; x_wconf 88' lang='lat' dir='ltr'>vel</span> <span class='ocrx_word' id='word_1_30' title='bbox 298 954 404 1038; x_wconf 89' lang='lat' dir='ltr'>potius</span> <span class='ocrx_word' id='word_1_31' title='bbox 434 953 571 1036; x_wconf 77' lang='lat' dir='ltr'>simulat,</span> <span class='ocrx_word' id='word_1_32' title='bbox 607 952 694 1035; x_wconf 90' lang='lat' dir='ltr'>quod</span> <span class='ocrx_word' id='word_1_33' title='bbox 720 953 952 1037; x_wconf 84' lang='lat' dir='ltr'>Aristophanes</span> <span class='ocrx_word' id='word_1_34' title='bbox 980 957 1067 1018; x_wconf 88' lang='lat' dir='ltr'>certe</span> <span class='ocrx_word' id='word_1_35' title='bbox 1096 952 1143 1016; x_wconf 91' lang='lat' dir='ltr'>ita</span> <span class='ocrx_word' id='word_1_36' title='bbox 1173 973 1237 1016; x_wconf 91' lang='lat' dir='ltr'>non</span> 
     </span>
     <span class='ocr_line' id='line_1_7' title="bbox 84 1054 1237 1142; baseline -0.003 -21"><span class='ocrx_word' id='word_1_37' title='bbox 84 1057 296 1142; x_wconf 81' lang='lat' dir='ltr'>instituisset,</span> <span class='ocrx_word' id='word_1_38' title='bbox 313 1057 373 1123; x_wconf 89' lang='lat' dir='ltr'>nisi</span> <span class='ocrx_word' id='word_1_39' title='bbox 386 1057 603 1123; x_wconf 82' lang='lat' dir='ltr'>Callistratum</span> <span class='ocrx_word' id='word_1_40' title='bbox 619 1077 729 1122; x_wconf 88' lang='lat' dir='ltr'>verum</span> <span class='ocrx_word' id='word_1_41' title='bbox 745 1056 931 1122; x_wconf 88' lang='lat' dir='ltr'>comoediae</span> <span class='ocrx_word' id='word_1_42' title='bbox 948 1061 1111 1122; x_wconf 75' lang='lat' dir='ltr'>auctorem</span> <span class='ocrx_word' id='word_1_43' title='bbox 1123 1054 1237 1120; x_wconf 88' lang='lat' dir='ltr'>haberi</span> 
     </span>
     <span class='ocr_line' id='line_1_8' title="bbox 85 1161 262 1227; baseline 0.011 -3"><span class='ocrx_word' id='word_1_44' title='bbox 85 1161 262 1227; x_wconf 84' lang='lat' dir='ltr'>voluisset.</span> 
     </span>
    </p>
   </div>
   <div class='ocr_carea' id='block_1_4' title="bbox 85 1278 1236 1678">
    <p class='ocr_par' dir='ltr' id='par_1_4' title="bbox 85 1278 1236 1678">
     <span class='ocr_line' id='line_1_9' title="bbox 180 1278 1236 1364; baseline -0.004 -18"><span class='ocrx_word' id='word_1_45' title='bbox 180 1281 242 1346; x_wconf 90' lang='lat' dir='ltr'>His</span> <span class='ocrx_word' id='word_1_46' title='bbox 266 1281 420 1347; x_wconf 86' lang='lat' dir='ltr'>absolutis</span> <span class='ocrx_word' id='word_1_47' title='bbox 442 1281 486 1346; x_wconf 89' lang='lat' dir='ltr'>ad</span> <span class='ocrx_word' id='word_1_48' title='bbox 508 1280 684 1364; x_wconf 89' lang='lat' dir='ltr'>parabasin</span> <span class='ocrx_word' id='word_1_49' title='bbox 707 1279 978 1364; x_wconf 84' lang='lat' dir='ltr'>progrediendum</span> <span class='ocrx_word' id='word_1_50' title='bbox 1001 1285 1058 1346; x_wconf 93' lang='lat' dir='ltr'>est.</span> <span class='ocrx_word' id='word_1_51' title='bbox 1097 1278 1236 1345; x_wconf 91' lang='lat' dir='ltr'>Chorum</span> 
     </span>
     <span class='ocr_line' id='line_1_10' title="bbox 85 1381 1235 1468; baseline -0.003 -19"><span class='ocrx_word' id='word_1_52' title='bbox 85 1391 222 1450; x_wconf 89' lang='lat' dir='ltr'>tantum</span> <span class='ocrx_word' id='word_1_53' title='bbox 245 1385 286 1450; x_wconf 91' lang='lat' dir='ltr'>de</span> <span class='ocrx_word' id='word_1_54' title='bbox 310 1384 504 1468; x_wconf 83' lang='lat' dir='ltr'>Callistrato,</span> <span class='ocrx_word' id='word_1_55' title='bbox 533 1405 595 1449; x_wconf 93' lang='lat' dir='ltr'>non</span> <span class='ocrx_word' id='word_1_56' title='bbox 619 1383 659 1449; x_wconf 92' lang='lat' dir='ltr'>de</span> <span class='ocrx_word' id='word_1_57' title='bbox 682 1384 909 1467; x_wconf 82' lang='lat' dir='ltr'>Aristophane,</span> <span class='ocrx_word' id='word_1_58' title='bbox 933 1384 1070 1450; x_wconf 89' lang='lat' dir='ltr'>recitare</span> <span class='ocrx_word' id='word_1_59' title='bbox 1093 1381 1235 1466; x_wconf 89' lang='lat' dir='ltr'>potuisse</span> 
     </span>
     <span class='ocr_line' id='line_1_11' title="bbox 87 1487 1236 1572; baseline -0.003 -18"><span class='ocrx_word' id='word_1_60' title='bbox 87 1510 165 1554; x_wconf 92' lang='lat' dir='ltr'>meo</span> <span class='ocrx_word' id='word_1_61' title='bbox 202 1488 321 1554; x_wconf 89' lang='lat' dir='ltr'>iudicio</span> <span class='ocrx_word' id='word_1_62' title='bbox 356 1510 374 1554; x_wconf 90' lang='lat' dir='ltr'>e</span> <span class='ocrx_word' id='word_1_63' title='bbox 408 1489 504 1552; x_wconf 90' lang='lat' dir='ltr'>rebus</span> <span class='ocrx_word' id='word_1_64' title='bbox 535 1487 613 1572; x_wconf 91' lang='lat' dir='ltr'>ipsis</span> <span class='ocrx_word' id='word_1_65' title='bbox 644 1507 843 1570; x_wconf 88' lang='lat' dir='ltr'>consequens</span> <span class='ocrx_word' id='word_1_66' title='bbox 874 1494 931 1553; x_wconf 85' lang='lat' dir='ltr'>est.</span> <span class='ocrx_word' id='word_1_67' title='bbox 982 1487 1100 1571; x_wconf 81' lang='lat' dir='ltr'>Incipit</span> <span class='ocrx_word' id='word_1_68' title='bbox 1127 1492 1236 1552; x_wconf 91' lang='lat' dir='ltr'>autem</span> 
     </span>
     <span class='ocr_line' id='line_1_12' title="bbox 87 1591 892 1678; baseline -0.002 -20"><span class='ocrx_word' id='word_1_69' title='bbox 87 1593 268 1678; x_wconf 89' lang='lat' dir='ltr'>parabasis</span> <span class='ocrx_word' id='word_1_70' title='bbox 291 1593 334 1658; x_wconf 91' lang='lat' dir='ltr'>ab</span> <span class='ocrx_word' id='word_1_71' title='bbox 357 1592 406 1658; x_wconf 90' lang='lat' dir='ltr'>his</span> <span class='ocrx_word' id='word_1_72' title='bbox 429 1591 626 1676; x_wconf 89' lang='lat' dir='ltr'>anapaestis,</span> <span class='ocrx_word' id='word_1_73' title='bbox 650 1612 696 1657; x_wconf 91' lang='lat' dir='ltr'>vs.</span> <span class='ocrx_word' id='word_1_74' title='bbox 721 1593 784 1658; x_wconf 81' lang='lat'>628</span> <span class='ocrx_word' id='word_1_75' title='bbox 806 1611 892 1674; x_wconf 67' lang='grc' dir='ltr'>ορατ</span> 
     </span>
    </p>
   </div>
   <div class='ocr_carea' id='block_1_5' title="bbox 141 1726 1236 2544">
    <p class='ocr_par' dir='ltr' id='par_1_5' title="bbox 141 1726 1236 2544">
     <span class='ocr_line' id='line_1_13' title="bbox 252 1726 1235 1817; baseline -0.004 -21"><span class='ocrx_word' id='word_1_76' title='bbox 252 1731 286 1808; x_wconf 82' lang='grc' dir='ltr'>ἒξ</span> <span class='ocrx_word' id='word_1_77' title='bbox 314 1729 352 1796; x_wconf 84' lang='grc' dir='ltr'>οὗ</span> <span class='ocrx_word' id='word_1_78' title='bbox 381 1754 417 1811; x_wconf 74' lang='grc' dir='ltr'>γε</span> <span class='ocrx_word' id='word_1_79' title='bbox 443 1741 590 1817; x_wconf 78' lang='grc' dir='ltr'><em>χοροῖσιν</em></span> <span class='ocrx_word' id='word_1_80' title='bbox 616 1730 786 1816; x_wconf 77' lang='grc' dir='ltr'><strong><em>ἐφέστηκεν</em></strong></span> <span class='ocrx_word' id='word_1_81' title='bbox 815 1740 975 1817; x_wconf 71' lang='grc' dir='ltr'><strong><em>τρυγικοῖς</em></strong></span> <span class='ocrx_word' id='word_1_82' title='bbox 997 1730 1015 1793; x_wconf 80' lang='grc' dir='ltr'>ὁ</span> <span class='ocrx_word' id='word_1_83' title='bbox 1038 1726 1235 1802; x_wconf 77' lang='grc' dir='ltr'><strong><em>διδάσκαλος</em></strong></span> 
     </span>
     <span class='ocr_line' id='line_1_14' title="bbox 925 1835 1027 1920; baseline -0.02 0"><span class='ocrx_word' id='word_1_84' title='bbox 925 1835 1027 1920; x_wconf 61' lang='grc' dir='ltr'><em>ἡμῶν)</em></span> 
     </span>
     <span class='ocr_line' id='line_1_15' title="bbox 254 1936 1234 2027; baseline -0.002 -25"><span class='ocrx_word' id='word_1_85' title='bbox 254 1940 347 2003; x_wconf 81' lang='grc' dir='ltr'><strong><em>οὔπω</em></strong></span> <span class='ocrx_word' id='word_1_86' title='bbox 382 1943 507 2026; x_wconf 75' lang='grc' dir='ltr'><strong><em>παρέβη</em></strong></span> <span class='ocrx_word' id='word_1_87' title='bbox 542 1939 625 2024; x_wconf 83' lang='grc' dir='ltr'><strong><em>πρὸς</em></strong></span> <span class='ocrx_word' id='word_1_88' title='bbox 658 1939 695 2004; x_wconf 85' lang='grc' dir='ltr'>τὸ</span> <span class='ocrx_word' id='word_1_89' title='bbox 731 1943 872 2027; x_wconf 70' lang='grc' dir='ltr'><strong><em>θέατρον</em></strong></span> <span class='ocrx_word' id='word_1_90' title='bbox 905 1939 1017 2016; x_wconf 70' lang='grc' dir='ltr'><strong><em>λέξων,</em></strong></span> <span class='ocrx_word' id='word_1_91' title='bbox 1052 1937 1095 2012; x_wconf 74' lang='grc' dir='ltr'>οὖς</span> <span class='ocrx_word' id='word_1_92' title='bbox 1130 1936 1234 2014; x_wconf 79' lang='grc' dir='ltr'><strong><em>δεξιός</em></strong></span> 
     </span>
     <span class='ocr_line' id='line_1_16' title="bbox 925 2043 1028 2107; baseline 0 -1"><span class='ocrx_word' id='word_1_93' title='bbox 925 2043 1028 2107; x_wconf 76' lang='grc' dir='ltr'><strong><em>ἐστιν·</em></strong></span> 
     </span>
     <span class='ocr_line' id='line_1_17' title="bbox 141 2144 1236 2234; baseline -0.005 -24"><span class='ocrx_word' id='word_1_94' title='bbox 141 2147 218 2211; x_wconf 84' lang='grc'><strong>630.</strong></span> <span class='ocrx_word' id='word_1_95' title='bbox 256 2144 510 2228; x_wconf 77' lang='grc' dir='ltr'><strong><em>διαβαλλόμενος</em></strong></span> <span class='ocrx_word' id='word_1_96' title='bbox 544 2146 575 2209; x_wconf 69' lang='grc' dir='ltr'>δ’</span> <span class='ocrx_word' id='word_1_97' title='bbox 613 2147 680 2210; x_wconf 79' lang='grc' dir='ltr'>ὑπὸ</span> <span class='ocrx_word' id='word_1_98' title='bbox 718 2148 782 2211; x_wconf 80' lang='grc' dir='ltr'>τών</span> <span class='ocrx_word' id='word_1_99' title='bbox 814 2147 944 2234; x_wconf 67' lang='grc' dir='ltr'><strong><em>ἐχθρῶν</em></strong></span> <span class='ocrx_word' id='word_1_100' title='bbox 976 2147 1011 2210; x_wconf 74' lang='grc' dir='ltr'>ἐν</span> <span class='ocrx_word' id='word_1_101' title='bbox 1043 2147 1236 2229; x_wconf 67' lang='grc' dir='ltr'><strong><em>Ἀθηναίοις</em></strong></span> 
     </span>
     <span class='ocr_line' id='line_1_18' title="bbox 925 2249 1152 2332; baseline -0.009 -20"><span class='ocrx_word' id='word_1_102' title='bbox 925 2249 1152 2332; x_wconf 78' lang='grc' dir='ltr'><strong><em>ταχυβούλοις,</em></strong></span> 
     </span>
     <span class='ocr_line' id='line_1_19' title="bbox 255 2351 1234 2439; baseline -0.001 -25"><span class='ocrx_word' id='word_1_103' title='bbox 255 2351 297 2426; x_wconf 72' lang='grc' dir='ltr'>ὥς</span> <span class='ocrx_word' id='word_1_104' title='bbox 329 2352 480 2437; x_wconf 75' lang='grc' dir='ltr'><em>κωμῳδεῖ</em></span> <span class='ocrx_word' id='word_1_105' title='bbox 509 2353 566 2438; x_wconf 75' lang='grc' dir='ltr'>τὴν</span> <span class='ocrx_word' id='word_1_106' title='bbox 601 2354 700 2418; x_wconf 82' lang='grc' dir='ltr'><strong><em>πόλιν</em></strong></span> <span class='ocrx_word' id='word_1_107' title='bbox 727 2354 816 2439; x_wconf 80' lang='grc' dir='ltr'><strong><em>ἡμῶν</em></strong></span> <span class='ocrx_word' id='word_1_108' title='bbox 844 2354 897 2415; x_wconf 80' lang='grc' dir='ltr'>καὶ</span> <span class='ocrx_word' id='word_1_109' title='bbox 925 2353 983 2417; x_wconf 84' lang='grc' dir='ltr'>τὸν</span> <span class='ocrx_word' id='word_1_110' title='bbox 1011 2353 1116 2438; x_wconf 78' lang='grc' dir='ltr'><strong><em>δῆμον</em></strong></span> <span class='ocrx_word' id='word_1_111' title='bbox 1144 2354 1234 2414; x_wconf 66' lang='grc' dir='ltr'><strong><em>καθ-</em></strong></span> 
     </span>
     <span class='ocr_line' id='line_1_20' title="bbox 925 2458 1054 2544; baseline -0.008 -23"><span class='ocrx_word' id='word_1_112' title='bbox 925 2458 1054 2544; x_wconf 78' lang='grc' dir='ltr'><strong><em>υβρὶζει,</em></strong></span> 
     </span>
    </p>
   </div>
   <div class='ocr_carea' id='block_1_6' title="bbox 254 2561 1234 2649">
    <p class='ocr_par' dir='ltr' id='par_1_6' title="bbox 254 2561 1234 2649">
     <span class='ocr_line' id='line_1_21' title="bbox 254 2561 1234 2649; baseline -0.001 -27"><span class='ocrx_word' id='word_1_113' title='bbox 254 2561 494 2648; x_wconf 75' lang='grc' dir='ltr'><strong><em>ἀποκρίνεσθαι</em></strong></span> <span class='ocrx_word' id='word_1_114' title='bbox 534 2562 637 2624; x_wconf 81' lang='grc' dir='ltr'><strong><em>δεῖται</em></strong></span> <span class='ocrx_word' id='word_1_115' title='bbox 675 2561 745 2627; x_wconf 80' lang='grc' dir='ltr'><strong><em>νυνὶ</em></strong></span> <span class='ocrx_word' id='word_1_116' title='bbox 785 2563 868 2649; x_wconf 83' lang='grc' dir='ltr'><strong><em>πρὸς</em></strong></span> <span class='ocrx_word' id='word_1_117' title='bbox 900 2563 1101 2645; x_wconf 72' lang='grc' dir='ltr'><strong><em>Ἀθηναίους</em></strong></span> <span class='ocrx_word' id='word_1_118' title='bbox 1133 2582 1234 2643; x_wconf 82' lang='grc' dir='ltr'><strong><em>μετα-</em></strong></span> 
     </span>
    </p>
   </div>
   <div class='ocr_carea' id='block_1_7' title="bbox 879 2665 1075 2758">
    <p class='ocr_par' dir='ltr' id='par_1_7' title="bbox 879 2665 1075 2758">
     <span class='ocr_line' id='line_1_22' title="bbox 879 2665 1075 2758; baseline -0.01 -28"><span class='ocrx_word' id='word_1_119' title='bbox 879 2749 884 2758; x_wconf 35' lang='grc'>,</span> <span class='ocrx_word' id='word_1_120' title='bbox 926 2665 1075 2748; x_wconf 82' lang='grc' dir='ltr'><strong><em>βούλους.</em></strong></span> 
     </span>
    </p>
   </div>
   <div class='ocr_carea' id='block_1_8' title="bbox 95 2801 1235 4549">
    <p class='ocr_par' dir='ltr' id='par_1_8' title="bbox 95 2801 1235 4549">
     <span class='ocr_line' id='line_1_23' title="bbox 183 2801 1235 2888; baseline 0 -22"><span class='ocrx_word' id='word_1_121' title='bbox 183 2803 235 2867; x_wconf 83' lang='lat' dir='ltr'>Ex</span> <span class='ocrx_word' id='word_1_122' title='bbox 264 2802 369 2868; x_wconf 92' lang='lat' dir='ltr'>animo</span> <span class='ocrx_word' id='word_1_123' title='bbox 400 2803 447 2868; x_wconf 87' lang='lat' dir='ltr'>eis</span> <span class='ocrx_word' id='word_1_124' title='bbox 475 2804 641 2888; x_wconf 89' lang='lat' dir='ltr'>assentior,</span> <span class='ocrx_word' id='word_1_125' title='bbox 673 2804 727 2887; x_wconf 94' lang='lat' dir='ltr'>qui</span> <span class='ocrx_word' id='word_1_126' title='bbox 755 2810 942 2870; x_wconf 90' lang='lat' dir='ltr'>monuerunt</span> <span class='ocrx_word' id='word_1_127' title='bbox 964 2805 1048 2869; x_wconf 92' lang='lat' dir='ltr'>haec</span> <span class='ocrx_word' id='word_1_128' title='bbox 1070 2804 1170 2869; x_wconf 90' lang='lat' dir='ltr'>verba</span> <span class='ocrx_word' id='word_1_129' title='bbox 1193 2801 1235 2866; x_wconf 90' lang='lat' dir='ltr'>de</span> 
     </span>
     <span class='ocr_line' id='line_1_24' title="bbox 95 2905 1235 2993; baseline -0.002 -22"><span class='ocrx_word' id='word_1_130' title='bbox 95 2913 196 2988; x_wconf 88' lang='lat' dir='ltr'>pocta</span> <span class='ocrx_word' id='word_1_131' title='bbox 219 2905 429 2992; x_wconf 87' lang='lat' dir='ltr'>adulescenti,</span> <span class='ocrx_word' id='word_1_132' title='bbox 454 2909 558 2990; x_wconf 89' lang='lat' dir='ltr'>qualis</span> <span class='ocrx_word' id='word_1_133' title='bbox 580 2915 646 2975; x_wconf 93' lang='lat' dir='ltr'>tum</span> <span class='ocrx_word' id='word_1_134' title='bbox 669 2909 900 2993; x_wconf 88' lang='lat' dir='ltr'>Aristophanes</span> <span class='ocrx_word' id='word_1_135' title='bbox 923 2909 1045 2991; x_wconf 85' lang='lat' dir='ltr'>fuisset,</span> <span class='ocrx_word' id='word_1_136' title='bbox 1077 2906 1131 2989; x_wconf 91' lang='lat' dir='ltr'>qui</span> <span class='ocrx_word' id='word_1_137' title='bbox 1154 2906 1235 2970; x_wconf 88' lang='lat' dir='ltr'>duas</span> 
     </span>
     <span class='ocr_line' id='line_1_25' title="bbox 98 3010 1235 3097; baseline 0.002 -25"><span class='ocrx_word' id='word_1_138' title='bbox 98 3014 222 3074; x_wconf 92' lang='lat' dir='ltr'>tantum</span> <span class='ocrx_word' id='word_1_139' title='bbox 247 3011 430 3078; x_wconf 87' lang='lat' dir='ltr'>comoedias</span> <span class='ocrx_word' id='word_1_140' title='bbox 453 3019 552 3078; x_wconf 89' lang='lat' dir='ltr'>antea</span> <span class='ocrx_word' id='word_1_141' title='bbox 575 3012 764 3097; x_wconf 80' lang='lat' dir='ltr'>scripsisset,</span> <span class='ocrx_word' id='word_1_142' title='bbox 796 3013 979 3097; x_wconf 89' lang='lat' dir='ltr'>praedicari</span> <span class='ocrx_word' id='word_1_143' title='bbox 1002 3012 1056 3077; x_wconf 84' lang='lat' dir='ltr'>vix</span> <span class='ocrx_word' id='word_1_144' title='bbox 1078 3010 1235 3095; x_wconf 66' lang='lat' dir='ltr'>potuisse,</span> 
     </span>
     <span class='ocr_line' id='line_1_26' title="bbox 97 3112 1233 3202; baseline 0.002 -26"><span class='ocrx_word' id='word_1_145' title='bbox 97 3112 193 3180; x_wconf 89' lang='lat' dir='ltr'>immo</span> <span class='ocrx_word' id='word_1_146' title='bbox 225 3115 443 3186; x_wconf 81' lang='lat' dir='ltr'>Callistratum</span> <span class='ocrx_word' id='word_1_147' title='bbox 470 3115 714 3198; x_wconf 82' lang='lat' dir='ltr'>intelligendum</span> <span class='ocrx_word' id='word_1_148' title='bbox 743 3136 828 3202; x_wconf 88' lang='lat' dir='ltr'>esse,</span> <span class='ocrx_word' id='word_1_149' title='bbox 860 3117 914 3198; x_wconf 94' lang='lat' dir='ltr'>qui</span> <span class='ocrx_word' id='word_1_150' title='bbox 942 3137 1014 3182; x_wconf 91' lang='lat' dir='ltr'>cum</span> <span class='ocrx_word' id='word_1_151' title='bbox 1040 3115 1108 3180; x_wconf 89' lang='lat' dir='ltr'>sine</span> <span class='ocrx_word' id='word_1_152' title='bbox 1137 3114 1233 3179; x_wconf 91' lang='lat' dir='ltr'>dubio</span> 
     </span>
     <span class='ocr_line' id='line_1_27' title="bbox 97 3217 1235 3302; baseline -0.001 -21"><span class='ocrx_word' id='word_1_153' title='bbox 97 3217 246 3302; x_wconf 89' lang='lat' dir='ltr'>proprias</span> <span class='ocrx_word' id='word_1_154' title='bbox 269 3218 454 3284; x_wconf 88' lang='lat' dir='ltr'>comoedias</span> <span class='ocrx_word' id='word_1_155' title='bbox 475 3218 541 3283; x_wconf 89' lang='lat' dir='ltr'>iam</span> <span class='ocrx_word' id='word_1_156' title='bbox 563 3220 660 3284; x_wconf 92' lang='lat' dir='ltr'>multo</span> <span class='ocrx_word' id='word_1_157' title='bbox 684 3225 759 3285; x_wconf 92' lang='lat' dir='ltr'>ante</span> <span class='ocrx_word' id='word_1_158' title='bbox 783 3219 954 3302; x_wconf 88' lang='lat' dir='ltr'>docuisset,</span> <span class='ocrx_word' id='word_1_159' title='bbox 985 3238 1041 3283; x_wconf 90' lang='lat' dir='ltr'>sno</span> <span class='ocrx_word' id='word_1_160' title='bbox 1065 3218 1131 3283; x_wconf 92' lang='lat' dir='ltr'>lure</span> <span class='ocrx_word' id='word_1_161' title='bbox 1155 3217 1235 3282; x_wconf 91' lang='lat' dir='ltr'>talia</span> 
     </span>
     <span class='ocr_line' id='line_1_28' title="bbox 100 3321 1234 3406; baseline 0.001 -21"><span class='ocrx_word' id='word_1_162' title='bbox 100 3321 138 3386; x_wconf 89' lang='lat' dir='ltr'>de</span> <span class='ocrx_word' id='word_1_163' title='bbox 166 3341 203 3387; x_wconf 90' lang='lat' dir='ltr'>se</span> <span class='ocrx_word' id='word_1_164' title='bbox 230 3321 374 3406; x_wconf 80' lang='lat' dir='ltr'>prolerre</span> <span class='ocrx_word' id='word_1_165' title='bbox 403 3322 566 3404; x_wconf 86' lang='lat' dir='ltr'>quivisset.</span> <span class='ocrx_word' id='word_1_166' title='bbox 621 3323 717 3388; x_wconf 89' lang='lat' dir='ltr'>Certo</span> <span class='ocrx_word' id='word_1_167' title='bbox 748 3323 788 3388; x_wconf 90' lang='lat' dir='ltr'>de</span> <span class='ocrx_word' id='word_1_168' title='bbox 817 3323 1000 3389; x_wconf 90' lang='lat' dir='ltr'>Callistrato</span> <span class='ocrx_word' id='word_1_169' title='bbox 1028 3321 1234 3404; x_wconf 80' lang='lat' dir='ltr'>cogitandum</span> 
     </span>
     <span class='ocr_line' id='line_1_29' title="bbox 99 3425 1235 3510; baseline 0 -21"><span class='ocrx_word' id='word_1_170' title='bbox 99 3431 155 3509; x_wconf 90' lang='lat' dir='ltr'>est,</span> <span class='ocrx_word' id='word_1_171' title='bbox 185 3445 291 3508; x_wconf 88' lang='lat' dir='ltr'>neque</span> <span class='ocrx_word' id='word_1_172' title='bbox 322 3426 490 3509; x_wconf 89' lang='lat' dir='ltr'>quisquam</span> <span class='ocrx_word' id='word_1_173' title='bbox 513 3447 631 3510; x_wconf 90' lang='lat' dir='ltr'>eorum,</span> <span class='ocrx_word' id='word_1_174' title='bbox 660 3427 714 3509; x_wconf 92' lang='lat' dir='ltr'>qui</span> <span class='ocrx_word' id='word_1_175' title='bbox 742 3433 808 3492; x_wconf 89' lang='lat' dir='ltr'>tum</span> <span class='ocrx_word' id='word_1_176' title='bbox 830 3427 863 3491; x_wconf 92' lang='lat' dir='ltr'>in</span> <span class='ocrx_word' id='word_1_177' title='bbox 886 3426 1011 3492; x_wconf 91' lang='lat' dir='ltr'>theatro</span> <span class='ocrx_word' id='word_1_178' title='bbox 1035 3425 1235 3492; x_wconf 90' lang='lat' dir='ltr'>comoediam</span> 
     </span>
     <span class='ocr_line' id='line_1_30' title="bbox 100 3529 1234 3615; baseline 0 -21"><span class='ocrx_word' id='word_1_179' title='bbox 100 3536 285 3613; x_wconf 88' lang='lat' dir='ltr'>spectantes</span> <span class='ocrx_word' id='word_1_180' title='bbox 307 3529 454 3614; x_wconf 90' lang='lat' dir='ltr'>aderant,</span> <span class='ocrx_word' id='word_1_181' title='bbox 478 3530 575 3596; x_wconf 91' lang='lat' dir='ltr'>alium</span> <span class='ocrx_word' id='word_1_182' title='bbox 597 3531 777 3613; x_wconf 86' lang='lat' dir='ltr'>intelligere</span> <span class='ocrx_word' id='word_1_183' title='bbox 800 3529 913 3615; x_wconf 88' lang='lat' dir='ltr'>potuit,</span> <span class='ocrx_word' id='word_1_184' title='bbox 938 3551 1010 3594; x_wconf 90' lang='lat' dir='ltr'>oum</span> <span class='ocrx_word' id='word_1_185' title='bbox 1033 3529 1234 3595; x_wconf 89' lang='lat' dir='ltr'>Callistratus</span> 
     </span>
     <span class='ocr_line' id='line_1_31' title="bbox 100 3634 1234 3718; baseline 0.002 -22"><span class='ocrx_word' id='word_1_186' title='bbox 100 3641 196 3699; x_wconf 90' lang='lat' dir='ltr'>antea</span> <span class='ocrx_word' id='word_1_187' title='bbox 224 3655 245 3698; x_wconf 89' lang='lat' dir='ltr'>a</span> <span class='ocrx_word' id='word_1_188' title='bbox 271 3653 432 3717; x_wconf 86' lang='lat' dir='ltr'>praecone</span> <span class='ocrx_word' id='word_1_189' title='bbox 455 3640 490 3699; x_wconf 87' lang='lat' dir='ltr'>ut</span> <span class='ocrx_word' id='word_1_190' title='bbox 511 3640 610 3718; x_wconf 92' lang='lat' dir='ltr'>poeta</span> <span class='ocrx_word' id='word_1_191' title='bbox 633 3634 819 3701; x_wconf 88' lang='lat' dir='ltr'>comoediae</span> <span class='ocrx_word' id='word_1_192' title='bbox 842 3634 1029 3700; x_wconf 89' lang='lat' dir='ltr'>nominatim</span> <span class='ocrx_word' id='word_1_193' title='bbox 1051 3634 1234 3718; x_wconf 89' lang='lat' dir='ltr'>appellatus</span> 
     </span>
     <span class='ocr_line' id='line_1_32' title="bbox 100 3737 1234 3822; baseline 0.002 -22"><span class='ocrx_word' id='word_1_194' title='bbox 100 3743 193 3804; x_wconf 89' lang='lat' dir='ltr'>esset.</span> <span class='ocrx_word' id='word_1_195' title='bbox 232 3737 267 3802; x_wconf 82' lang='lat' dir='ltr'>Si</span> <span class='ocrx_word' id='word_1_196' title='bbox 290 3737 528 3803; x_wconf 87' lang='lat' dir='ltr'>consideramus</span> <span class='ocrx_word' id='word_1_197' title='bbox 550 3739 715 3804; x_wconf 88' lang='lat' dir='ltr'>nobiscum</span> <span class='ocrx_word' id='word_1_198' title='bbox 729 3738 977 3822; x_wconf 89' lang='lat' dir='ltr'>Aristophanem</span> <span class='ocrx_word' id='word_1_199' title='bbox 991 3744 1067 3804; x_wconf 89' lang='lat' dir='ltr'>tuno</span> <span class='ocrx_word' id='word_1_200' title='bbox 1082 3737 1234 3822; x_wconf 87' lang='lat' dir='ltr'>temporis</span> 
     </span>
     <span class='ocr_line' id='line_1_33' title="bbox 100 3840 1234 3926; baseline 0.004 -24"><span class='ocrx_word' id='word_1_201' title='bbox 100 3840 151 3905; x_wconf 86' lang='lat' dir='ltr'>vix</span> <span class='ocrx_word' id='word_1_202' title='bbox 182 3862 200 3906; x_wconf 90' lang='lat' dir='ltr'>e</span> <span class='ocrx_word' id='word_1_203' title='bbox 232 3841 339 3926; x_wconf 89' lang='lat' dir='ltr'>pneris</span> <span class='ocrx_word' id='word_1_204' title='bbox 366 3861 530 3924; x_wconf 86' lang='lat' dir='ltr'>egressum</span> <span class='ocrx_word' id='word_1_205' title='bbox 559 3842 699 3907; x_wconf 89' lang='lat' dir='ltr'>nondum</span> <span class='ocrx_word' id='word_1_206' title='bbox 722 3844 842 3908; x_wconf 89' lang='lat' dir='ltr'>clarum</span> <span class='ocrx_word' id='word_1_207' title='bbox 865 3849 897 3908; x_wconf 91' lang='lat' dir='ltr'>et</span> <span class='ocrx_word' id='word_1_208' title='bbox 922 3843 1082 3909; x_wconf 85' lang='lat' dir='ltr'>celebrem</span> <span class='ocrx_word' id='word_1_209' title='bbox 1104 3849 1234 3926; x_wconf 91' lang='lat' dir='ltr'>poetam</span> 
     </span>
     <span class='ocr_line' id='line_1_34' title="bbox 101 3943 1234 4030; baseline 0.004 -24"><span class='ocrx_word' id='word_1_210' title='bbox 101 3943 206 4027; x_wconf 88' lang='lat' dir='ltr'>fuisse,</span> <span class='ocrx_word' id='word_1_211' title='bbox 242 3944 345 4026; x_wconf 90' lang='lat' dir='ltr'>qualis</span> <span class='ocrx_word' id='word_1_212' title='bbox 380 3951 454 4028; x_wconf 90' lang='lat' dir='ltr'>post</span> <span class='ocrx_word' id='word_1_213' title='bbox 486 3946 528 4010; x_wconf 94' lang='lat' dir='ltr'>ab</span> <span class='ocrx_word' id='word_1_214' title='bbox 558 3945 703 4011; x_wconf 90' lang='lat' dir='ltr'>omnibns</span> <span class='ocrx_word' id='word_1_215' title='bbox 736 3945 996 4030; x_wconf 88' lang='lat' dir='ltr'>praedicabatur,</span> <span class='ocrx_word' id='word_1_216' title='bbox 1032 3946 1108 4028; x_wconf 92' lang='lat' dir='ltr'>quin</span> <span class='ocrx_word' id='word_1_217' title='bbox 1136 3946 1234 4012; x_wconf 88' lang='lat' dir='ltr'>etiarn</span> 
     </span>
     <span class='ocr_line' id='line_1_35' title="bbox 102 4048 1232 4132; baseline 0.002 -20"><span class='ocrx_word' id='word_1_218' title='bbox 102 4048 317 4114; x_wconf 88' lang='lat' dir='ltr'>Callistratum</span> <span class='ocrx_word' id='word_1_219' title='bbox 346 4055 381 4114; x_wconf 94' lang='lat' dir='ltr'>ut</span> <span class='ocrx_word' id='word_1_220' title='bbox 406 4054 484 4115; x_wconf 91' lang='lat' dir='ltr'>natu</span> <span class='ocrx_word' id='word_1_221' title='bbox 510 4049 663 4116; x_wconf 88' lang='lat' dir='ltr'>maiorem</span> <span class='ocrx_word' id='word_1_222' title='bbox 693 4049 739 4115; x_wconf 87' lang='lat' dir='ltr'>ita</span> <span class='ocrx_word' id='word_1_223' title='bbox 768 4050 924 4115; x_wconf 92' lang='lat' dir='ltr'>notiorem</span> <span class='ocrx_word' id='word_1_224' title='bbox 946 4056 1033 4115; x_wconf 88' lang='lat' dir='ltr'>certe</span> <span class='ocrx_word' id='word_1_225' title='bbox 1056 4049 1164 4132; x_wconf 86' lang='lat' dir='ltr'>fuisse,</span> <span class='ocrx_word' id='word_1_226' title='bbox 1192 4070 1232 4114; x_wconf 90' lang='lat' dir='ltr'>ne</span> 
     </span>
     <span class='ocr_line' id='line_1_36' title="bbox 102 4151 1232 4238; baseline 0.002 -22"><span class='ocrx_word' id='word_1_227' title='bbox 102 4151 205 4218; x_wconf 86' lang='lat' dir='ltr'>dicam</span> <span class='ocrx_word' id='word_1_228' title='bbox 233 4153 409 4236; x_wconf 89' lang='lat' dir='ltr'>clariorem,</span> <span class='ocrx_word' id='word_1_229' title='bbox 438 4153 525 4237; x_wconf 91' lang='lat' dir='ltr'>illud,</span> <span class='ocrx_word' id='word_1_230' title='bbox 555 4154 641 4236; x_wconf 92' lang='lat' dir='ltr'>quod</span> <span class='ocrx_word' id='word_1_231' title='bbox 668 4154 769 4238; x_wconf 89' lang='lat' dir='ltr'>primo</span> <span class='ocrx_word' id='word_1_232' title='bbox 792 4155 904 4220; x_wconf 92' lang='lat' dir='ltr'>obtutu</span> <span class='ocrx_word' id='word_1_233' title='bbox 927 4175 1005 4220; x_wconf 88' lang='lat' dir='ltr'>sane</span> <span class='ocrx_word' id='word_1_234' title='bbox 1027 4154 1139 4220; x_wconf 89' lang='lat' dir='ltr'>mirum</span> <span class='ocrx_word' id='word_1_235' title='bbox 1162 4174 1232 4218; x_wconf 88' lang='lat' dir='ltr'>osse</span> 
     </span>
     <span class='ocr_line' id='line_1_37' title="bbox 101 4257 1231 4342; baseline 0.003 -23"><span class='ocrx_word' id='word_1_236' title='bbox 101 4257 189 4324; x_wconf 91' lang='lat' dir='ltr'>nobis</span> <span class='ocrx_word' id='word_1_237' title='bbox 223 4257 362 4340; x_wconf 84' lang='lat' dir='ltr'>videtur,</span> <span class='ocrx_word' id='word_1_238' title='bbox 404 4259 501 4323; x_wconf 88' lang='lat' dir='ltr'>multo</span> <span class='ocrx_word' id='word_1_239' title='bbox 536 4257 663 4323; x_wconf 86' lang='lat' dir='ltr'>facilius</span> <span class='ocrx_word' id='word_1_240' title='bbox 696 4258 910 4342; x_wconf 85' lang='lat' dir='ltr'>intelligemus</span> <span class='ocrx_word' id='word_1_241' title='bbox 945 4263 977 4324; x_wconf 89' lang='lat' dir='ltr'>et</span> <span class='ocrx_word' id='word_1_242' title='bbox 1010 4257 1231 4324; x_wconf 90' lang='lat' dir='ltr'>concedemus.</span> 
     </span>
     <span class='ocr_line' id='line_1_38' title="bbox 101 4359 1231 4446; baseline 0 -18"><span class='ocrx_word' id='word_1_243' title='bbox 101 4359 211 4444; x_wconf 88' lang='lat' dir='ltr'>Neque</span> <span class='ocrx_word' id='word_1_244' title='bbox 245 4360 342 4444; x_wconf 83' lang='lat' dir='ltr'>igitur</span> <span class='ocrx_word' id='word_1_245' title='bbox 375 4360 496 4444; x_wconf 89' lang='lat' dir='ltr'>dubito,</span> <span class='ocrx_word' id='word_1_246' title='bbox 532 4362 608 4443; x_wconf 91' lang='lat' dir='ltr'>quin</span> <span class='ocrx_word' id='word_1_247' title='bbox 640 4361 872 4446; x_wconf 87' lang='lat' dir='ltr'>Aristophanes</span> <span class='ocrx_word' id='word_1_248' title='bbox 905 4362 1010 4428; x_wconf 88' lang='lat' dir='ltr'>studio</span> <span class='ocrx_word' id='word_1_249' title='bbox 1044 4368 1077 4426; x_wconf 90' lang='lat' dir='ltr'>et</span> <span class='ocrx_word' id='word_1_250' title='bbox 1104 4361 1231 4446; x_wconf 89' lang='lat' dir='ltr'>privato</span> 
     </span>
     <span class='ocr_line' id='line_1_39' title="bbox 104 4463 1233 4549; baseline 0.004 -21"><span class='ocrx_word' id='word_1_251' title='bbox 104 4463 238 4545; x_wconf 89' lang='lat' dir='ltr'>quodam</span> <span class='ocrx_word' id='word_1_252' title='bbox 268 4463 409 4548; x_wconf 88' lang='lat' dir='ltr'>consilio,</span> <span class='ocrx_word' id='word_1_253' title='bbox 440 4463 564 4530; x_wconf 86' lang='lat' dir='ltr'>scilicet</span> <span class='ocrx_word' id='word_1_254' title='bbox 584 4470 621 4530; x_wconf 93' lang='lat' dir='ltr'>ut</span> <span class='ocrx_word' id='word_1_255' title='bbox 641 4484 677 4530; x_wconf 89' lang='lat' dir='ltr'>se</span> <span class='ocrx_word' id='word_1_256' title='bbox 700 4464 769 4549; x_wconf 88' lang='lat' dir='ltr'>ipse</span> <span class='ocrx_word' id='word_1_257' title='bbox 792 4465 994 4546; x_wconf 88' lang='lat' dir='ltr'>dissimulans</span> <span class='ocrx_word' id='word_1_258' title='bbox 1017 4466 1233 4532; x_wconf 88' lang='lat' dir='ltr'>Callistratum</span> 
     </span>
    </p>
   </div>
   <div class='ocr_carea' id='block_1_9' title="bbox 0 0 1581 5266">
    <p class='ocr_par' dir='ltr' id='par_1_9' title="bbox 0 0 1581 5266">
     <span class='ocr_line' id='line_1_40' title="bbox 0 0 1581 5266; baseline 0 0"><span class='ocrx_word' id='word_1_259' title='bbox 0 0 1581 5266; x_wconf 95' lang='lat' dir='ltr'> </span> 
     </span>
    </p>
   </div>
  </div>
 </body>
</html>
