3140 5266
773 287 986 352 ..24-

312 477 535 563 χιιροτονητὰς
557 477 659 562 ἀρχὰς
675 477 728 541 καί
745 477 888 552 Κλέωνα,
912 477 1088 563 παρόντων
1103 483 1166 542 τῶν
1181 481 1290 554 ξένων.
1315 522 1322 539 .
1342 521 1374 538 ..
1400 474 1474 537 καὶ
1552 465 1553 486 l

314 581 370 646 διὰ
391 586 488 646 τοῦτο
512 582 676 667 ὀργισθεὶς
699 581 716 644 ὁ
733 581 844 646 Κλέων
865 579 1033 667 ἐγράψατο
1056 581 1157 646 αὐτὸν
1176 579 1306 654 ἀδικίας
1319 581 1363 654 είς
1378 577 1474 652 τούς
1553 611 1556 664 ,

314 685 464 761 πολίτας,
502 684 543 760 ὠς
580 687 623 760 είς
661 687 753 770 ὕβριν
785 689 844 749 τοῦ
881 684 987 770 δήμου
1021 684 1074 748 καί
1108 689 1163 770 τῆς
1196 683 1317 768 βουλῆς
1351 687 1471 748 ταῦτα

314 785 526 874 πεποιηκότα.
573 787 664 866 Quae
688 785 815 853 addidit
837 788 938 854 verba
961 787 1013 850 καί
1044 791 1150 864 ξενίας
1173 787 1210 850 di
1232 788 1334 852 adadu
1355 784 1469 872 έγρά-
1557 795 1559 864 l

313 903 403 976 ψατο
426 891 480 956 καὶ
502 893 547 966 είς
569 893 682 971 ἀγῶνα
703 889 851 972 ἐνέβαλεν
874 912 958 957 nunc
974 892 1119 957 consulto
1135 889 1256 956 omitto.
1286 890 1471 976 Repetivit

313 995 400 1063 idem
429 995 557 1062 brevius
585 994 630 1060 ad
657 1015 702 1060 vs.
727 995 804 1061 503:
839 997 939 1071 ξένων
966 995 1152 1082 παρόντωνε
1183 995 1238 1058 διὰ
1266 995 1303 1058 τὸ
1329 994 1365 1058 ἐν
1386 1005 1470 1068 τοῖς
1561 990 1562 1005 ’

314 1098 537 1182 Βαβυλωνίοις
560 1097 694 1163 πολλῶν
717 1098 891 1185 παρόντων
913 1102 1013 1175 ξένων
1035 1101 1192 1185 εἰρηκέναι
1215 1099 1298 1160 κατὰ
1321 1098 1470 1162 πολλῶν

313 1202 371 1268 τὸν
403 1200 639 1289 Ἀριστοφάνην.
686 1201 738 1264 διὸ
772 1202 825 1264 καὶ
859 1201 1067 1288 κατηγορήθη
1101 1201 1169 1266 ὑπὸ
1202 1204 1261 1264 τοῦ
1295 1201 1467 1274 Κλέωνος.

315 1307 406 1385 Quae
435 1306 475 1372 de
499 1305 626 1371 Cleonis
653 1305 702 1370 ira
729 1311 762 1370 et
791 1305 831 1371 de
856 1325 972 1372 caussa
994 1305 1126 1391 profert,
1154 1306 1358 1372 fortassean
1380 1305 1469 1370 solis

315 1409 567 1477 Acharnensium
603 1409 748 1474 versibus
776 1416 864 1476 recte
893 1409 1021 1493 quidem
1049 1415 1082 1474 et
1111 1409 1286 1494 prudenter
1317 1410 1467 1475 collecta

316 1521 398 1599 sunt,
422 1534 616 1598 quamquam
637 1513 693 1579 illa
716 1513 816 1580 verba
840 1513 858 1576 ὁ
877 1513 987 1578 Κλέων
1009 1511 1179 1600 ἐγράψατο
1202 1513 1304 1578 αὐτὸν
1327 1513 1467 1586 ἀδικίας

314 1622 359 1694 είς
381 1618 458 1692 τούς
481 1616 618 1690 πολίτας
641 1613 682 1690 ὡς
704 1618 749 1690 εἷς
771 1619 863 1702 ὕβριν
885 1620 943 1680 τοῦ
959 1616 1066 1701 δῆμον
1082 1615 1135 1679 καί
1150 1619 1204 1702 τῆς
1218 1614 1339 1701 βουλῆς
1354 1620 1465 1680 ταῦτα

316 1720 520 1806 πεποιηκότα
543 1720 709 1786 doctrinae
732 1719 874 1804 speciem
896 1741 976 1804 prae
999 1739 1034 1786 se
1057 1720 1172 1786 ferunt.
1203 1719 1270 1786 Sed
1286 1725 1358 1785 utut
1373 1719 1464 1786 haec

317 1845 369 1892 res
402 1845 437 1892 se
471 1825 579 1909 habet,
615 1824 701 1908 quod
729 1823 978 1908 Aristophanem
1010 1844 1099 1890 reum
1133 1823 1231 1890 fuisse
1266 1823 1464 1890 scholiastes

315 1929 424 2012 tradit,
452 1928 549 1995 fidem
577 1928 607 1994 ei
634 1928 755 1994 hahere
783 1949 846 1993 non
868 1947 1043 2012 possumus.
1095 1929 1194 1994 Immo
1219 1927 1363 1994 dubitari
1385 1949 1462 1992 meo

316 2031 435 2098 iudicio
458 2032 577 2116 nequit,
602 2031 678 2114 quin
696 2032 897 2098 Callistratus
920 2039 1090 2097 accusatus
1106 2032 1161 2116 sit,
1185 2053 1260 2098 nam
1275 2031 1361 2116 huie,
1386 2052 1462 2097 cum

318 2136 439 2204 archon
476 2156 591 2202 nomen
625 2135 693 2202 eius
727 2136 760 2200 in
793 2136 902 2201 album
935 2142 1103 2220 poetarum
1135 2135 1310 2219 retulisset,
1350 2135 1462 2201 omnia

317 2239 446 2326 publice
474 2240 672 2325 praestanda
700 2239 797 2306 fuisse
826 2261 884 2326 per
912 2261 947 2306 se
977 2245 1078 2324 patet,
1107 2259 1206 2323 quare
1234 2260 1328 2305 nemo
1351 2240 1386 2304 in
1409 2239 1461 2304 ius

317 2344 428 2410 vocari
455 2343 557 2427 potuit
583 2344 645 2409 nisi
668 2344 879 2428 Callistratus,
909 2344 1027 2428 quippe
1057 2343 1111 2426 qui
1133 2363 1224 2408 sunm
1245 2364 1363 2410 nomen
1385 2365 1460 2429 pro-

318 2448 421 2514 fessus
442 2447 572 2513 chorum
587 2447 837 2534 Babyloniorum
858 2447 1059 2532 poposcisset
1082 2453 1114 2512 et
1129 2446 1342 2531 impetrasset.
1373 2449 1461 2516 Nam
1562 2533 1563 2542 η

319 2551 405 2634 quod
416 2550 662 2635 Aristophanem
677 2573 740 2617 non
756 2572 923 2635 passurum
937 2551 1035 2618 fuisse
1052 2551 1162 2616 dicunt
1177 2557 1308 2637 poetam
1319 2553 1460 2618 amicum

318 2656 359 2721 oh
389 2654 588 2721 comoediam
616 2676 637 2720 a
666 2675 701 2720 se
724 2655 877 2740 scriptam
899 2656 932 2720 in
955 2655 1071 2740 capide
1093 2654 1270 2740 periculum
1292 2655 1416 2722 adduci
1425 2657 1458 2739 ¹),

317 2759 401 2824 haec
430 2778 545 2824 caussa
573 2757 770 2824 debilissima
798 2765 856 2844 est,
886 2760 982 2845 ,quia
1004 2759 1246 2843 Aristophanes,
1274 2765 1309 2825 ut
1336 2760 1460 2828 Rankii

319 2862 427 2930 verbis
459 2868 546 2945 utar,
586 2881 657 2927 cum
696 2862 827 2928 chorum
864 2883 928 2928 non
960 2863 1142 2948 petivisset,
1180 2863 1299 2928 nullum
1338 2864 1460 2930 crimen

320 2964 552 3049 commiserat“,
577 2965 770 3050 Callistrato,
795 2987 867 3032 oum
888 2967 1033 3033 fabulam
1050 2967 1083 3032 in
1098 2987 1251 3032 scaenam
1267 2965 1460 3050 induxisset,

320 3069 427 3138 omnia
450 3067 595 3155 pericula
617 3069 784 3135 subeunda
808 3077 908 3136 erant.
950 3072 1056 3153 Atque
1079 3071 1162 3136 bene
1185 3071 1379 3136 Petersenus
1400 3073 1422 3136 l.
1440 3073 1460 3137 l.

320 3196 395 3260 pag.
421 3175 499 3240 655:
548 3173 665 3260 ,Hatte
692 3173 908 3258 Kallistratos,
942 3174 1053 3259 inquit,
1089 3175 1141 3240 die
1170 3174 1373 3258 Auffthrung
1401 3175 1462 3241 der

319 3279 517 3366 Bahylonier
539 3278 774 3362 ubernommen,
798 3279 864 3344 und
887 3300 921 3344 er
943 3287 1061 3346 musste
1080 3279 1119 3364 ja
1143 3279 1207 3346 den
1222 3279 1327 3344 Kleon
1349 3299 1385 3345 so
1401 3286 1462 3363 gut

320 3384 382 3450 wie
406 3383 465 3449 das
481 3382 584 3448 Sttlck
606 3382 720 3447 vorher
742 3383 880 3468 konnen,
904 3403 939 3449 so
961 3383 1003 3448 ist
1025 3403 1060 3450 es
1083 3404 1166 3466 ganz
1188 3383 1358 3468 natdrlich,
1383 3384 1461 3449 dass

321 3509 356 3555 er
383 3487 467 3554 auch
494 3485 546 3552 die
569 3486 719 3570 Anklage
748 3487 894 3553 aushielt.
940 3489 981 3554 Ja
1009 3490 1108 3554 selbst
1130 3509 1224 3554 wcnn
1247 3487 1316 3553 sich
1338 3487 1461 3553 Aristo-

321 3592 445 3676 phanes
473 3596 616 3673 genennt
642 3589 743 3674 hatte,
771 3600 859 3656 ware
889 3591 972 3656 doch
994 3591 1200 3658 Kallistratos
1222 3592 1280 3657 der
1302 3591 1462 3658 rechffich

320 3716 361 3760 zu
383 3694 592 3777 Belangende
616 3713 782 3777 genesen:
807 3695 891 3760 denn
908 3695 966 3760 das
982 3696 1084 3762 Sttlck
1100 3716 1139 3761 zu
1153 3695 1322 3762 schreiben
1337 3696 1461 3762 konnte

321 3799 526 3865 niemandem
552 3798 712 3864 verwehrt
739 3799 880 3883 werden,
910 3800 989 3865 aber
1017 3800 1092 3865 dass
1120 3820 1155 3865 es
1177 3820 1220 3865 an
1242 3799 1306 3865 den
1328 3800 1462 3882 grossen

322 3902 501 3988 Dionysien
516 3902 703 3986 ausgefdhrt
718 3922 795 3986 war,
813 3902 871 3968 das
887 3923 955 3968 war
971 3902 1028 3968 der
1039 3902 1282 3986 Klagcgrund.“
1313 3903 1462 3969 Dederat

324 4012 432 4072 autem
448 4005 659 4072 Callistratus.
690 4009 804 4090 Itaque
820 4005 1060 4092 Aristophanes,
1078 4006 1204 4074 etiamsi
1219 4005 1324 4072 amico
1339 4007 1461 4073 auxilio

323 4110 434 4177 venire
463 4109 625 4193 voluisset,
653 4129 694 4176 ne
723 4111 879 4194 potuisset
908 4110 1045 4195 quidem,
1074 4110 1244 4196 cumipse
1272 4111 1462 4177 contraius

397 4336 415 4401 ¹)
434 4333 539 4404 Bergk.
564 4349 611 4403 ap.
629 4333 714 4388 Mein.
733 4331 768 4386 fr.
786 4333 825 4387 II.
843 4352 871 4403 p.
891 4333 949 4389 932.
985 4333 1020 4388 A.
1039 4333 1150 4390 Miiller.
1174 4353 1202 4406 p.
1214 4333 1297 4389 XIII.
1334 4333 1380 4390 W.
1393 4335 1460 4391 Rib-

325 4421 409 4478 beck.
432 4439 461 4494 p.
479 4421 538 4476 217.
