3140 5266
807 324 1019 390 ,43-

338 510 488 594 inseruit,
520 511 672 578 videlicet
701 517 735 578 ut
761 513 845 578 male
873 512 1066 578 fabricatam
1098 512 1189 596 quasi
1213 520 1383 580 excusaret
1406 514 1496 597 sive,

348 613 435 696 quod
462 614 566 697 magis
596 614 731 700 videtur,
763 617 906 682 consulto
937 615 1105 682 distortam
1135 621 1169 682 et
1197 615 1229 682 in
1251 617 1344 702 peius
1366 617 1495 700 fictam,

347 717 394 782 ita
417 724 537 784 utnon
559 718 624 784 iam
646 739 795 804 persona,
818 720 878 786 sed
899 719 1005 803 potius
1027 721 1120 786 larva
1142 726 1237 786 esset.

434 823 503 888 Iam
531 822 676 907 proximo
703 844 788 890 armo
809 823 1042 908 Aristophanes
1064 824 1108 890 ad
1129 825 1298 910 pristinam
1320 831 1496 892 eonsuetu-

350 924 456 991 dinem
471 926 599 993 rediens
614 927 754 996 Nubium
769 927 914 993 fabulam
936 927 991 993 alii
1007 925 1098 994 dedit
1113 928 1302 1014 docendam,
1325 928 1497 994 Philonidi

349 1029 482 1096 scilicet.
529 1030 631 1109 Quem
653 1032 764 1100 Nubes
792 1031 939 1098 docuisse
968 1030 1120 1116 colligere
1143 1032 1220 1099 licet
1242 1053 1284 1098 ex
1305 1033 1360 1098 illo
1383 1053 1497 1115 gram-

349 1134 537 1200 maticorum
565 1135 756 1221 testimonio,
792 1136 879 1219 quod
905 1135 1041 1219 legimus
1069 1136 1157 1221 apud
1184 1137 1386 1221 Anonymum
1414 1138 1497 1221 περὶ

350 1261 429 1322 κωμ.
452 1239 513 1305 Ill:
537 1239 594 1313 τὰς
615 1242 675 1322 μὲν
696 1241 757 1327 γάρ
781 1240 951 1313 πολιτικὰς
972 1240 1075 1324 τούτῳ
1099 1242 1156 1322 (so.
1180 1243 1224 1328 τῷ
1245 1239 1496 1324 Καλλιστράτῳ)

351 1344 452 1427 φασὶν
481 1343 584 1410 αὐτὸν
610 1343 753 1418 διδόναι,
783 1343 840 1417 τὰς
869 1343 905 1406 δὲ
927 1344 997 1405 κατ’
1014 1341 1200 1428 Εὐριπίδου
1221 1343 1274 1406 καί
1296 1343 1498 1429 Σωκράτους

357 1446 530 1532 Φιλωνίδῃ.
574 1448 658 1515 Nam
681 1447 741 1512 etsi
765 1446 905 1512 dubitari
928 1445 1047 1530 nequit,
1073 1445 1149 1529 quin
1171 1465 1233 1512 non
1256 1445 1498 1530 Aristophanes

355 1550 416 1615 sibi
449 1551 528 1635 ipse,
563 1552 622 1618 sed
655 1543 884 1635 grammaticus
917 1549 1026 1616 nescio
1055 1550 1126 1633 quis
1154 1571 1171 1616 e
1200 1550 1318 1616 fabulis
1344 1549 1498 1616 efficiens

354 1654 438 1720 hanc
466 1656 585 1737 legem,
598 1661 717 1739 poetae
739 1654 935 1740 imposuerit,
966 1661 1085 1739 tamen,
1117 1661 1271 1736 quantum
1293 1673 1498 1738 cognoscere

354 1758 440 1842 licet,
464 1766 551 1824 recte
575 1759 797 1832 observavisse
821 1759 956 1824 videtur.
994 1760 1109 1842 Itaque
1132 1757 1283 1840 quoniam
1305 1758 1499 1823 comoedias

356 1868 466 1928 contra
489 1863 676 1949 Euripidem
699 1871 731 1930 et
747 1865 915 1930 Socratem
937 1863 1074 1947 scriptas
1089 1861 1276 1928 Philonides
1295 1861 1499 1928 commisisse

356 1967 541 2051 perhibetur
563 1988 667 2049 neque
690 1968 826 2034 alteram
840 1966 1073 2051 Aristophanes
1093 1973 1205 2032 contra
1225 1966 1393 2032 Socratem
1409 1986 1498 2032 com-

356 2072 463 2156 posuit
484 2071 544 2136 nisi
559 2072 679 2155 Nubes,
702 2092 761 2156 per
774 2070 977 2137 Philonidem
997 2071 1083 2136 hanc
1105 2069 1235 2137 doctam
1257 2089 1328 2135 esse
1345 2077 1499 2154 apertum

357 2183 415 2242 est.
461 2174 554 2253 Quod
583 2195 641 2241 nos
669 2174 700 2239 in
728 2174 909 2242 didascalia
931 2174 1071 2244 Nubium
1092 2194 1208 2239 nomen
1230 2172 1408 2240 Philonidis
1431 2195 1499 2238 non

357 2280 421 2346 iam
448 2279 594 2364 legimus,
627 2301 692 2346 non
720 2279 874 2346 debemus
900 2278 1017 2362 mirari,
1053 2299 1125 2344 cum
1154 2283 1263 2344 notum
1292 2277 1342 2362 sit,
1371 2283 1498 2360 quanta

357 2385 556 2467 negligentia
578 2385 701 2472 librarii
723 2384 755 2448 in
779 2382 952 2450 exarandis
976 2381 1173 2465 argumentis
1192 2381 1245 2448 usi
1268 2381 1339 2446 sint.
1377 2382 1497 2464 ltaque

357 2488 558 2555 restituenda
597 2496 646 2554 est
677 2488 817 2556 Nubium
855 2487 1036 2554 didascalia
1075 2486 1108 2552 in
1146 2486 1231 2552 huno
1263 2485 1332 2552 lere
1365 2485 1497 2551 modum
1550 2553 1551 2562 χ

359 2593 413 2677 (ef.
436 2593 519 2661 Nub.
544 2613 612 2676 arg.
636 2592 692 2674 Vl:
727 2589 762 2655 αἶ
785 2595 911 2678 πρῶται
933 2589 1078 2674 Νεφέλαι
1099 2587 1135 2654 ἐν
1156 2591 1245 2654 ἄστει
1267 2587 1498 2672 ἐδιδάχθησαν

358 2697 413 2762 ἐπὶ
443 2700 601 2784 ἄρχοντος
629 2695 774 2782 Ἰσάρχου
803 2695 871 2759 διὰ
901 2693 1142 2768 Φιλωνίδου,
1177 2695 1229 2757 ὅτε
1257 2697 1415 2778 Κρατῖνος
1437 2691 1498 2773 μὲν

358 2801 446 2868 ἐνίκα
480 2804 620 2887 Πυτίνῃ,
654 2801 836 2885 Ἀμειψίας
870 2798 907 2862 δὲ
939 2798 1062 2884 Κόννῳ.
1117 2797 1224 2880 Atque
1255 2795 1281 2861 si
1308 2795 1342 2859 in
1368 2794 1433 2860 hae
1460 2815 1496 2860 re
1549 2877 1550 2886 ρ

360 2904 563 2971 coniecturae
596 2904 686 2970 locus
715 2910 779 2988 est,
814 2903 914 2969 oculis
940 2903 1076 2967 fortasse
1106 2899 1254 2968 librarius
1284 2897 1448 2965 aberravit
1476 2919 1498 2962 a
1549 2893 1550 2914 ³

359 3009 485 3074 nomine
507 3008 652 3093 Ἰσάρχου
681 3007 862 3074 adnomen
889 3004 1085 3079 Φιλωνίδου,
1114 3003 1190 3086 quia
1212 3008 1378 3084 utrumque
1400 3000 1435 3066 in
1458 3022 1497 3064 ου

361 3112 464 3196 cadit,
491 3111 619 3194 litteris,
649 3133 733 3195 quae
760 3109 977 3193 intercedunt,
1006 3107 1139 3175 omissis.
1192 3105 1259 3174 Sed
1281 3105 1345 3170 alio
1368 3123 1496 3187 quoque

361 3217 455 3283 modo
478 3217 587 3283 nescio
611 3237 673 3300 quo
696 3217 796 3283 verba
820 3213 876 3278 διὰ
895 3212 1079 3278 Φιλωνίδου
1100 3210 1251 3278 excidere
1266 3207 1407 3295 potuisse
1424 3227 1496 3273 con·
1548 3231 1549 3266 r

362 3321 542 3388 cedendum
564 3327 621 3387 est.

449 3424 624 3491 Comoedia
651 3429 759 3490 autem
788 3444 860 3490 curn
887 3421 1058 3488 cecidisset
1088 3425 1120 3485 et
1148 3418 1282 3504 explosa
1309 3420 1405 3498 esset,
1432 3435 1497 3480 mo-

362 3529 532 3596 lestissime
558 3529 592 3593 id
622 3527 728 3595 ferens
757 3533 869 3612 poeta,
904 3526 959 3609 qui
984 3522 1230 3610 pulcherrimam
1258 3539 1328 3586 esse
1351 3518 1498 3585 fabulam

363 3633 561 3718 opinaretur,
596 3633 692 3716 plane
722 3651 794 3698 eam
823 3637 1000 3698 retractare
1031 3634 1064 3694 et
1090 3646 1147 3693 suo
1175 3623 1301 3690 nomine
1331 3623 1437 3690 denuo
1464 3623 1497 3688 in

363 3757 516 3803 scaenam
537 3735 689 3801 inducere
712 3735 818 3800 animo
841 3733 1015 3820 proposuit,
1038 3732 1175 3797 fortasse
1194 3745 1328 3813 sperans
1342 3745 1378 3791 se
1393 3723 1497 3809 ipsum

364 3841 491 3908 facilius
524 3839 692 3906 victoriam
724 3844 960 3924 reportaturum
993 3855 1074 3902 esse.
1129 3835 1242 3916 Neque
1276 3837 1384 3896 tamen
1418 3849 1497 3913 opus

363 3944 547 4010 inchoatum
572 3943 620 4007 δι’
642 3946 681 4028 ῆν
704 3944 914 4008 coarctetur
937 3938 1088 4023 confecit,
1113 3956 1212 4020 quare
1228 3931 1396 4002 comoedia
1411 3953 1496 3997 num·
1546 3885 1547 3973 δ

365 4070 461 4131 qoam
482 4050 516 4114 in
538 4068 659 4114 scaena
680 4047 798 4113 iterata
822 4051 871 4112 est
901 4043 955 4128 (cl.
978 4043 1062 4111 Nub.
1086 4061 1155 4124 arg.
1179 4039 1245 4120 Vl).
1290 4038 1374 4106 Nam
1396 4035 1430 4100 in
1452 4035 1496 4100 di-
1545 4125 1546 4132 ρ

365 4157 517 4224 dascaliis
550 4155 591 4221 de
625 4153 728 4219 altera
761 4150 901 4219 Nubium
934 4147 1061 4214 actione
1093 4143 1173 4209 nihil
1202 4147 1370 4208 exaratum
1399 4138 1496 4205 fuisse
1545 4159 1546 4184 ι

366 4259 525 4346 expressis
540 4258 647 4324 verbis
663 4256 741 4322 dicit
756 4254 945 4322 scholiastes
968 4251 1013 4317 ad
1026 4249 1109 4317 Nub.
1125 4267 1172 4313 vs.
1189 4247 1266 4312 549:
1291 4243 1329 4310 οδ
1346 4246 1496 4329 φέρονται

366 4363 401 4427 αἳ
423 4361 630 4428 διδασκαλίαι
651 4365 716 4425 τῶν
739 4359 895 4446 δευτέρων
910 4355 1077 4442 Νεφελῶνς
1101 4351 1142 4418 ef.
1165 4349 1210 4416 ad
1224 4367 1270 4414 vs.
1287 4347 1365 4412 552:
1393 4341 1428 4408 ai
1444 4343 1494 4408 δι-

367 4465 539 4532 δασκαλίαι
555 4465 590 4529 δὲ
608 4465 707 4550 δῆλον
722 4467 771 4528 δτι
786 4461 843 4536 τὰς
855 4461 1071 4541 διδαχθείσας
1086 4459 1143 4539 (se.
1157 4450 1316 4538 Νεφέλας)
1333 4451 1493 4535 φέρουσιν.
1544 4453 1545 4460 '
