<?xml version="1.0" encoding="UTF-8"?>
<!DOCTYPE html PUBLIC "-//W3C//DTD XHTML 1.0 Transitional//EN"
    "http://www.w3.org/TR/xhtml1/DTD/xhtml1-transitional.dtd">
<html xmlns="http://www.w3.org/1999/xhtml" xml:lang="en" lang="en">
 <head>
  <title>
</title>
<meta http-equiv="Content-Type" content="text/html;charset=utf-8" />
  <meta name='ocr-system' content='tesseract 3.04.00' />
  <meta name='ocr-capabilities' content='ocr_page ocr_carea ocr_par ocr_line ocrx_word'/>
</head>
<body>
  <div class='ocr_page' id='page_1' title='image "./decallistratoet00briegoog_0044.png"; bbox 0 0 3140 5266; ppageno 0'>
   <div class='ocr_carea' id='block_1_1' title="bbox 565 373 778 438">
    <p class='ocr_par' dir='ltr' id='par_1_1' title="bbox 565 373 778 438">
     <span class='ocr_line' id='line_1_1' title="bbox 565 373 778 438; baseline 0.009 -20"><span class='ocrx_word' id='word_1_1' title='bbox 565 373 778 438; x_wconf 76' lang='lat'>..33-</span> 
     </span>
    </p>
   </div>
   <div class='ocr_carea' id='block_1_2' title="bbox 3 557 1290 4674">
    <p class='ocr_par' dir='ltr' id='par_1_2' title="bbox 3 557 1290 4674">
     <span class='ocr_line' id='line_1_2' title="bbox 92 557 1244 647; baseline 0.006 -26"><span class='ocrx_word' id='word_1_2' title='bbox 92 557 230 622; x_wconf 90' lang='lat' dir='ltr'>omnino</span> <span class='ocrx_word' id='word_1_3' title='bbox 263 566 395 644; x_wconf 89' lang='lat' dir='ltr'>propter</span> <span class='ocrx_word' id='word_1_4' title='bbox 422 559 525 645; x_wconf 82' lang='lat' dir='ltr'><strong>ipsam</strong></span> <span class='ocrx_word' id='word_1_5' title='bbox 551 561 801 646; x_wconf 81' lang='lat' dir='ltr'>Babyloniorum</span> <span class='ocrx_word' id='word_1_6' title='bbox 829 560 972 628; x_wconf 86' lang='lat' dir='ltr'>fabulam</span> <span class='ocrx_word' id='word_1_7' title='bbox 997 562 1244 647; x_wconf 77' lang='lat' dir='ltr'>Aristophanem</span> 
     </span>
     <span class='ocr_line' id='line_1_3' title="bbox 91 661 1245 749; baseline 0.003 -22"><span class='ocrx_word' id='word_1_8' title='bbox 91 698 146 708; x_wconf 91' lang='grc'>-</span> <span class='ocrx_word' id='word_1_9' title='bbox 167 661 277 746; x_wconf 90' lang='lat' dir='ltr'>potius</span> <span class='ocrx_word' id='word_1_10' title='bbox 300 663 518 730; x_wconf 73' lang='lat' dir='ltr'>Callistratum</span> <span class='ocrx_word' id='word_1_11' title='bbox 547 703 583 712; x_wconf 90' lang='lat'>-·</span> <span class='ocrx_word' id='word_1_12' title='bbox 615 663 648 728; x_wconf 92' lang='lat' dir='ltr'>in</span> <span class='ocrx_word' id='word_1_13' title='bbox 677 665 726 729; x_wconf 90' lang='lat' dir='ltr'>ius</span> <span class='ocrx_word' id='word_1_14' title='bbox 748 665 858 730; x_wconf 90' lang='lat' dir='ltr'>vocari</span> <span class='ocrx_word' id='word_1_15' title='bbox 881 665 1039 749; x_wconf 89' lang='lat' dir='ltr'>potuisse:</span> <span class='ocrx_word' id='word_1_16' title='bbox 1066 665 1245 732; x_wconf 88' lang='lat' dir='ltr'>maiestatis</span> 
     </span>
     <span class='ocr_line' id='line_1_4' title="bbox 92 768 1245 855; baseline 0.003 -25"><span class='ocrx_word' id='word_1_17' title='bbox 92 771 236 848; x_wconf 86' lang='lat' dir='ltr'>poetam</span> <span class='ocrx_word' id='word_1_18' title='bbox 259 772 447 832; x_wconf 87' lang='lat' dir='ltr'>accusatum</span> <span class='ocrx_word' id='word_1_19' title='bbox 469 787 540 833; x_wconf 89' lang='lat' dir='ltr'>esse</span> <span class='ocrx_word' id='word_1_20' title='bbox 564 768 720 834; x_wconf 89' lang='lat' dir='ltr'>aCleone</span> <span class='ocrx_word' id='word_1_21' title='bbox 743 768 836 852; x_wconf 86' lang='lat' dir='ltr'>irato,</span> <span class='ocrx_word' id='word_1_22' title='bbox 861 770 947 852; x_wconf 91' lang='lat' dir='ltr'>quod</span> <span class='ocrx_word' id='word_1_23' title='bbox 969 769 1038 855; x_wconf 86' lang='lat' dir='ltr'>ipse</span> <span class='ocrx_word' id='word_1_24' title='bbox 1062 770 1118 835; x_wconf 90' lang='lat' dir='ltr'>illa</span> <span class='ocrx_word' id='word_1_25' title='bbox 1133 770 1245 836; x_wconf 85' lang='lat' dir='ltr'>fabula</span> 
     </span>
     <span class='ocr_line' id='line_1_5' title="bbox 93 869 1243 957; baseline 0.003 -24"><span class='ocrx_word' id='word_1_26' title='bbox 93 869 273 936; x_wconf 87' lang='lat' dir='ltr'>calumniis</span> <span class='ocrx_word' id='word_1_27' title='bbox 295 871 427 938; x_wconf 87' lang='lat' dir='ltr'>obrutus</span> <span class='ocrx_word' id='word_1_28' title='bbox 443 876 537 938; x_wconf 86' lang='lat' dir='ltr'>esset.</span> <span class='ocrx_word' id='word_1_29' title='bbox 575 871 805 956; x_wconf 81' lang='lat' dir='ltr'>„Miserrimum</span> <span class='ocrx_word' id='word_1_30' title='bbox 821 872 914 956; x_wconf 83' lang='lat' dir='ltr'>enim,</span> <span class='ocrx_word' id='word_1_31' title='bbox 938 872 986 937; x_wconf 87' lang='lat' dir='ltr'>vir</span> <span class='ocrx_word' id='word_1_32' title='bbox 1003 873 1116 940; x_wconf 90' lang='lat' dir='ltr'>doctus</span> <span class='ocrx_word' id='word_1_33' title='bbox 1131 873 1243 957; x_wconf 86' lang='lat' dir='ltr'>inquit,</span> 
     </span>
     <span class='ocr_line' id='line_1_6' title="bbox 92 972 1245 1061; baseline 0.005 -25"><span class='ocrx_word' id='word_1_34' title='bbox 92 972 348 1040; x_wconf 80' lang='lat' dir='ltr'><strong>Atheniensium</strong></span> <span class='ocrx_word' id='word_1_35' title='bbox 381 973 430 1038; x_wconf 92' lang='lat' dir='ltr'>ius</span> <span class='ocrx_word' id='word_1_36' title='bbox 463 973 550 1056; x_wconf 91' lang='lat' dir='ltr'>quod</span> <span class='ocrx_word' id='word_1_37' title='bbox 584 974 693 1040; x_wconf 89' lang='lat' dir='ltr'>dieunt</span> <span class='ocrx_word' id='word_1_38' title='bbox 727 975 890 1059; x_wconf 86' lang='lat' dir='ltr'>publicum</span> <span class='ocrx_word' id='word_1_39' title='bbox 919 975 1042 1061; x_wconf 84' lang='lat' dir='ltr'>suisset,</span> <span class='ocrx_word' id='word_1_40' title='bbox 1076 976 1103 1042; x_wconf 93' lang='lat' dir='ltr'>si</span> <span class='ocrx_word' id='word_1_41' title='bbox 1133 977 1245 1042; x_wconf 85' lang='lat' dir='ltr'>fabula</span> 
     </span>
     <span class='ocr_line' id='line_1_7' title="bbox 94 1075 1245 1164; baseline 0.004 -23"><span class='ocrx_word' id='word_1_42' title='bbox 94 1075 246 1159; x_wconf 88' lang='lat' dir='ltr'>quadam</span> <span class='ocrx_word' id='word_1_43' title='bbox 277 1079 319 1144; x_wconf 90' lang='lat' dir='ltr'>ab</span> <span class='ocrx_word' id='word_1_44' title='bbox 349 1097 388 1143; x_wconf 90' lang='lat' dir='ltr'>eo</span> <span class='ocrx_word' id='word_1_45' title='bbox 417 1078 471 1160; x_wconf 90' lang='lat' dir='ltr'>qui</span> <span class='ocrx_word' id='word_1_46' title='bbox 501 1078 584 1144; x_wconf 90' lang='lat' dir='ltr'>ludis</span> <span class='ocrx_word' id='word_1_47' title='bbox 614 1087 765 1163; x_wconf 80' lang='lat' dir='ltr'>praeerat</span> <span class='ocrx_word' id='word_1_48' title='bbox 793 1087 932 1164; x_wconf 87' lang='lat' dir='ltr'>accepta</span> <span class='ocrx_word' id='word_1_49' title='bbox 959 1081 1058 1146; x_wconf 89' lang='lat' dir='ltr'>etad</span> <span class='ocrx_word' id='word_1_50' title='bbox 1082 1088 1245 1146; x_wconf 88' lang='lat' dir='ltr'>certamen</span> 
     </span>
     <span class='ocr_line' id='line_1_8' title="bbox 94 1180 1244 1267; baseline 0.002 -21"><span class='ocrx_word' id='word_1_51' title='bbox 94 1180 257 1265; x_wconf 88' lang='lat' dir='ltr'>admissa,</span> <span class='ocrx_word' id='word_1_52' title='bbox 287 1181 314 1246; x_wconf 93' lang='lat' dir='ltr'>si</span> <span class='ocrx_word' id='word_1_53' title='bbox 345 1180 423 1264; x_wconf 92' lang='lat' dir='ltr'>quid</span> <span class='ocrx_word' id='word_1_54' title='bbox 452 1181 592 1248; x_wconf 89' lang='lat' dir='ltr'>atrocius</span> <span class='ocrx_word' id='word_1_55' title='bbox 620 1182 652 1246; x_wconf 94' lang='lat' dir='ltr'>in</span> <span class='ocrx_word' id='word_1_56' title='bbox 674 1183 905 1266; x_wconf 81' lang='lat' dir='ltr'>rempublicam</span> <span class='ocrx_word' id='word_1_57' title='bbox 929 1183 1048 1250; x_wconf 90' lang='lat' dir='ltr'>dictum</span> <span class='ocrx_word' id='word_1_58' title='bbox 1072 1183 1244 1267; x_wconf 85' lang='lat' dir='ltr'>videretur,</span> 
     </span>
     <span class='ocr_line' id='line_1_9' title="bbox 96 1283 1246 1372; baseline 0.002 -22"><span class='ocrx_word' id='word_1_59' title='bbox 96 1290 223 1368; x_wconf 87' lang='lat' dir='ltr'>poetae</span> <span class='ocrx_word' id='word_1_60' title='bbox 253 1290 309 1350; x_wconf 90' lang='lat' dir='ltr'>aut</span> <span class='ocrx_word' id='word_1_61' title='bbox 337 1284 368 1350; x_wconf 91' lang='lat' dir='ltr'>ei</span> <span class='ocrx_word' id='word_1_62' title='bbox 391 1283 445 1368; x_wconf 90' lang='lat' dir='ltr'>qui</span> <span class='ocrx_word' id='word_1_63' title='bbox 468 1285 510 1352; x_wconf 89' lang='lat' dir='ltr'>ab</span> <span class='ocrx_word' id='word_1_64' title='bbox 534 1285 688 1352; x_wconf 79' lang='lat' dir='ltr'>archonte</span> <span class='ocrx_word' id='word_1_65' title='bbox 712 1286 842 1352; x_wconf 87' lang='lat' dir='ltr'>chorum</span> <span class='ocrx_word' id='word_1_66' title='bbox 864 1293 1000 1354; x_wconf 88' lang='lat' dir='ltr'>nanetus</span> <span class='ocrx_word' id='word_1_67' title='bbox 1023 1293 1093 1354; x_wconf 90' lang='lat' dir='ltr'>erat</span> <span class='ocrx_word' id='word_1_68' title='bbox 1114 1294 1246 1372; x_wconf 89' lang='lat' dir='ltr'>propter</span> 
     </span>
     <span class='ocr_line' id='line_1_10' title="bbox 95 1387 1245 1472; baseline 0.005 -22"><span class='ocrx_word' id='word_1_69' title='bbox 95 1387 209 1472; x_wconf 89' lang='lat' dir='ltr'>ipsam</span> <span class='ocrx_word' id='word_1_70' title='bbox 240 1387 385 1454; x_wconf 88' lang='lat' dir='ltr'>fabulam</span> <span class='ocrx_word' id='word_1_71' title='bbox 412 1388 501 1454; x_wconf 89' lang='lat' dir='ltr'>litem</span> <span class='ocrx_word' id='word_1_72' title='bbox 531 1389 697 1456; x_wconf 87' lang='lat' dir='ltr'>intendere</span> <span class='ocrx_word' id='word_1_73' title='bbox 726 1390 877 1456; x_wconf 80' lang='lat' dir='ltr'>licuisset.</span> <span class='ocrx_word' id='word_1_74' title='bbox 930 1393 1030 1458; x_wconf 88' lang='lat' dir='ltr'>immo</span> <span class='ocrx_word' id='word_1_75' title='bbox 1057 1392 1179 1458; x_wconf 89' lang='lat' dir='ltr'>archon</span> <span class='ocrx_word' id='word_1_76' title='bbox 1206 1392 1245 1458; x_wconf 90' lang='lat' dir='ltr'>si·</span> 
     </span>
     <span class='ocr_line' id='line_1_11' title="bbox 96 1490 1246 1580; baseline 0.005 -24"><span class='ocrx_word' id='word_1_77' title='bbox 96 1492 270 1573; x_wconf 87' lang='lat' dir='ltr'>mulatque</span> <span class='ocrx_word' id='word_1_78' title='bbox 287 1490 431 1556; x_wconf 82' lang='lat' dir='ltr'>fabulam</span> <span class='ocrx_word' id='word_1_79' title='bbox 446 1492 606 1576; x_wconf 87' lang='lat' dir='ltr'>probavit,</span> <span class='ocrx_word' id='word_1_80' title='bbox 631 1513 723 1558; x_wconf 92' lang='lat' dir='ltr'>omne</span> <span class='ocrx_word' id='word_1_81' title='bbox 739 1493 785 1558; x_wconf 81' lang='lat' dir='ltr'>rei</span> <span class='ocrx_word' id='word_1_82' title='bbox 802 1494 978 1577; x_wconf 89' lang='lat' dir='ltr'>perieulum</span> <span class='ocrx_word' id='word_1_83' title='bbox 993 1495 1099 1562; x_wconf 91' lang='lat' dir='ltr'>subiit.</span> <span class='ocrx_word' id='word_1_84' title='bbox 1132 1498 1246 1580; x_wconf 85' lang='lat' dir='ltr'>ltaque</span> 
     </span>
     <span class='ocr_line' id='line_1_12' title="bbox 98 1593 1247 1682; baseline 0.003 -22"><span class='ocrx_word' id='word_1_85' title='bbox 98 1593 217 1660; x_wconf 90' lang='lat' dir='ltr'>Cleoni</span> <span class='ocrx_word' id='word_1_86' title='bbox 240 1593 389 1660; x_wconf 88' lang='lat' dir='ltr'>iniuriam</span> <span class='ocrx_word' id='word_1_87' title='bbox 411 1594 473 1661; x_wconf 93' lang='lat' dir='ltr'>sibi</span> <span class='ocrx_word' id='word_1_88' title='bbox 496 1594 620 1662; x_wconf 89' lang='lat' dir='ltr'>illatam</span> <span class='ocrx_word' id='word_1_89' title='bbox 642 1597 746 1662; x_wconf 90' lang='lat' dir='ltr'>ultnro</span> <span class='ocrx_word' id='word_1_90' title='bbox 770 1597 859 1662; x_wconf 92' lang='lat' dir='ltr'>aliud</span> <span class='ocrx_word' id='word_1_91' title='bbox 881 1599 1103 1682; x_wconf 86' lang='lat' dir='ltr'>undecumque</span> <span class='ocrx_word' id='word_1_92' title='bbox 1127 1600 1247 1666; x_wconf 85' lang='lat' dir='ltr'>crimen</span> 
     </span>
     <span class='ocr_line' id='line_1_13' title="bbox 99 1697 1247 1783; baseline 0.004 -20"><span class='ocrx_word' id='word_1_93' title='bbox 99 1697 328 1781; x_wconf 86' lang='lat' dir='ltr'>quaerendum</span> <span class='ocrx_word' id='word_1_94' title='bbox 364 1705 444 1783; x_wconf 83' lang='lat' dir='ltr'>erat,</span> <span class='ocrx_word' id='word_1_95' title='bbox 483 1700 570 1781; x_wconf 90' lang='lat' dir='ltr'>quod</span> <span class='ocrx_word' id='word_1_96' title='bbox 606 1700 651 1766; x_wconf 85' lang='lat' dir='ltr'>ad</span> <span class='ocrx_word' id='word_1_97' title='bbox 684 1701 934 1768; x_wconf 89' lang='lat' dir='ltr'>confirmandum</span> <span class='ocrx_word' id='word_1_98' title='bbox 967 1703 1023 1768; x_wconf 95' lang='lat' dir='ltr'>illa</span> <span class='ocrx_word' id='word_1_99' title='bbox 1056 1703 1168 1770; x_wconf 86' lang='lat' dir='ltr'>fabula</span> <span class='ocrx_word' id='word_1_100' title='bbox 1202 1704 1247 1769; x_wconf 92' lang='lat' dir='ltr'>uti</span> 
     </span>
     <span class='ocr_line' id='line_1_14' title="bbox 98 1793 1290 1891; baseline 0.003 -23"><span class='ocrx_word' id='word_1_101' title='bbox 98 1808 244 1888; x_wconf 84' lang='lat' dir='ltr'>poterat.</span> <span class='ocrx_word' id='word_1_102' title='bbox 305 1802 444 1870; x_wconf 81' lang='lat' dir='ltr'>Licebat</span> <span class='ocrx_word' id='word_1_103' title='bbox 485 1802 582 1886; x_wconf 83' lang='lat' dir='ltr'>igitur</span> <span class='ocrx_word' id='word_1_104' title='bbox 624 1803 736 1870; x_wconf 89' lang='lat' dir='ltr'>Cleoni</span> <span class='ocrx_word' id='word_1_105' title='bbox 778 1826 837 1890; x_wconf 89' lang='lat' dir='ltr'>per</span> <span class='ocrx_word' id='word_1_106' title='bbox 877 1793 1081 1886; x_wconf 73' lang='grc' dir='ltr'><strong><em>εἰσαγγελίαν</em></strong></span> <span class='ocrx_word' id='word_1_107' title='bbox 1116 1813 1247 1891; x_wconf 84' lang='lat' dir='ltr'>poetam</span> <span class='ocrx_word' id='word_1_108' title='bbox 1287 1795 1290 1802; x_wconf 49' lang='lat'><strong>⁴</strong></span> 
     </span>
     <span class='ocr_line' id='line_1_15' title="bbox 100 1907 1248 1994; baseline 0.006 -25"><span class='ocrx_word' id='word_1_109' title='bbox 100 1909 310 1988; x_wconf 71' lang='grc' dir='ltr'><strong><em>ξυνωμοσίας</em></strong></span> <span class='ocrx_word' id='word_1_110' title='bbox 336 1926 507 1991; x_wconf 85' lang='lat' dir='ltr'>accusare,</span> <span class='ocrx_word' id='word_1_111' title='bbox 540 1927 667 1990; x_wconf 89' lang='lat' dir='ltr'>quoque</span> <span class='ocrx_word' id='word_1_112' title='bbox 696 1907 823 1974; x_wconf 86' lang='lat' dir='ltr'>facilius</span> <span class='ocrx_word' id='word_1_113' title='bbox 851 1908 1010 1976; x_wconf 91' lang='lat' dir='ltr'>iudicibus</span> <span class='ocrx_word' id='word_1_114' title='bbox 1037 1910 1248 1994; x_wconf 86' lang='lat' dir='ltr'>persuaderet</span> 
     </span>
     <span class='ocr_line' id='line_1_16' title="bbox 100 2009 1248 2098; baseline 0.003 -22"><span class='ocrx_word' id='word_1_115' title='bbox 100 2009 356 2095; x_wconf 84' lang='lat' dir='ltr'>Aristophanem</span> <span class='ocrx_word' id='word_1_116' title='bbox 367 2009 532 2078; x_wconf 88' lang='lat' dir='ltr'>societatis</span> <span class='ocrx_word' id='word_1_117' title='bbox 544 2010 587 2076; x_wconf 89' lang='lat' dir='ltr'>ad</span> <span class='ocrx_word' id='word_1_118' title='bbox 598 2012 829 2096; x_wconf 87' lang='lat' dir='ltr'>rempublicam</span> <span class='ocrx_word' id='word_1_119' title='bbox 841 2013 1248 2098; x_wconf 86' lang='lat' dir='ltr'>evertendamparticipem</span> 
     </span>
     <span class='ocr_line' id='line_1_17' title="bbox 101 2114 1247 2199; baseline 0.002 -19"><span class='ocrx_word' id='word_1_120' title='bbox 101 2135 187 2198; x_wconf 85' lang='lat' dir='ltr'>csse,</span> <span class='ocrx_word' id='word_1_121' title='bbox 223 2135 288 2179; x_wconf 93' lang='lat' dir='ltr'>non</span> <span class='ocrx_word' id='word_1_122' title='bbox 321 2114 424 2180; x_wconf 89' lang='lat' dir='ltr'>mdlos</span> <span class='ocrx_word' id='word_1_123' title='bbox 451 2114 702 2198; x_wconf 88' lang='lat' dir='ltr'>Babyloniorum</span> <span class='ocrx_word' id='word_1_124' title='bbox 735 2116 823 2182; x_wconf 90' lang='lat' dir='ltr'>locos</span> <span class='ocrx_word' id='word_1_125' title='bbox 852 2116 1046 2199; x_wconf 89' lang='lat' dir='ltr'>eosdemque</span> <span class='ocrx_word' id='word_1_126' title='bbox 1075 2117 1247 2184; x_wconf 88' lang='lat' dir='ltr'>aeenimos</span> 
     </span>
     <span class='ocr_line' id='line_1_18' title="bbox 101 2217 1247 2305; baseline 0.003 -22"><span class='ocrx_word' id='word_1_127' title='bbox 101 2219 235 2284; x_wconf 86' lang='lat' dir='ltr'>afferre.</span> <span class='ocrx_word' id='word_1_128' title='bbox 281 2217 330 2282; x_wconf 89' lang='lat' dir='ltr'>Ae</span> <span class='ocrx_word' id='word_1_129' title='bbox 351 2238 466 2284; x_wconf 89' lang='lat' dir='ltr'>revera</span> <span class='ocrx_word' id='word_1_130' title='bbox 489 2218 641 2286; x_wconf 81' lang='lat' dir='ltr'>Cleonem</span> <span class='ocrx_word' id='word_1_131' title='bbox 663 2218 726 2284; x_wconf 88' lang='lat' dir='ltr'>hae</span> <span class='ocrx_word' id='word_1_132' title='bbox 749 2219 803 2284; x_wconf 91' lang='lat' dir='ltr'>via</span> <span class='ocrx_word' id='word_1_133' title='bbox 825 2218 869 2284; x_wconf 87' lang='lat' dir='ltr'>ad</span> <span class='ocrx_word' id='word_1_134' title='bbox 885 2219 1102 2286; x_wconf 88' lang='lat' dir='ltr'>ulciscendum</span> <span class='ocrx_word' id='word_1_135' title='bbox 1117 2227 1247 2305; x_wconf 88' lang='lat' dir='ltr'>poetam</span> 
     </span>
     <span class='ocr_line' id='line_1_19' title="bbox 101 2320 1246 2405; baseline 0 -19"><span class='ocrx_word' id='word_1_136' title='bbox 101 2322 287 2405; x_wconf 83' lang='lat' dir='ltr'>ingressum</span> <span class='ocrx_word' id='word_1_137' title='bbox 311 2340 382 2386; x_wconf 91' lang='lat' dir='ltr'>esse</span> <span class='ocrx_word' id='word_1_138' title='bbox 406 2327 439 2386; x_wconf 89' lang='lat' dir='ltr'>et</span> <span class='ocrx_word' id='word_1_139' title='bbox 461 2320 651 2387; x_wconf 88' lang='lat' dir='ltr'>scholiastes</span> <span class='ocrx_word' id='word_1_140' title='bbox 674 2326 731 2404; x_wconf 86' lang='lat' dir='ltr'>(sc.</span> <span class='ocrx_word' id='word_1_141' title='bbox 756 2322 799 2388; x_wconf 89' lang='lat' dir='ltr'>ad</span> <span class='ocrx_word' id='word_1_142' title='bbox 814 2341 861 2387; x_wconf 90' lang='lat' dir='ltr'>vs.</span> <span class='ocrx_word' id='word_1_143' title='bbox 878 2323 970 2400; x_wconf 74' lang='lat' dir='ltr'>378lz</span> <span class='ocrx_word' id='word_1_144' title='bbox 994 2323 1047 2386; x_wconf 85' lang='grc' dir='ltr'><strong><em>καί</em></strong></span> <span class='ocrx_word' id='word_1_145' title='bbox 1072 2322 1129 2385; x_wconf 84' lang='grc' dir='ltr'>διὰ</span> <span class='ocrx_word' id='word_1_146' title='bbox 1150 2327 1246 2388; x_wconf 84' lang='grc' dir='ltr'><strong><em>τοῦτο</em></strong></span> 
     </span>
     <span class='ocr_line' id='line_1_20' title="bbox 103 2423 1246 2512; baseline 0.002 -24"><span class='ocrx_word' id='word_1_147' title='bbox 103 2424 275 2512; x_wconf 70' lang='grc' dir='ltr'><strong><em>ὀργισθείς</em></strong></span> <span class='ocrx_word' id='word_1_148' title='bbox 298 2423 441 2488; x_wconf 69' lang='lat' dir='ltr'>intem</span> <span class='ocrx_word' id='word_1_149' title='bbox 463 2423 632 2511; x_wconf 75' lang='grc' dir='ltr'><strong><em>ἐγράψατο</em></strong></span> <span class='ocrx_word' id='word_1_150' title='bbox 656 2425 757 2490; x_wconf 86' lang='grc' dir='ltr'><strong><em>αδτδν</em></strong></span> <span class='ocrx_word' id='word_1_151' title='bbox 779 2424 908 2500; x_wconf 77' lang='grc' dir='ltr'><strong><em>οίδικίας</em></strong></span> <span class='ocrx_word' id='word_1_152' title='bbox 930 2428 975 2500; x_wconf 82' lang='grc' dir='ltr'>τίς</span> <span class='ocrx_word' id='word_1_153' title='bbox 997 2427 1073 2500; x_wconf 86' lang='grc' dir='ltr'>τούς</span> <span class='ocrx_word' id='word_1_154' title='bbox 1096 2427 1246 2503; x_wconf 80' lang='grc' dir='ltr'><strong><em>πολίτας,</em></strong></span> 
     </span>
     <span class='ocr_line' id='line_1_21' title="bbox 104 2528 1248 2616; baseline 0.003 -23"><span class='ocrx_word' id='word_1_155' title='bbox 104 2529 149 2604; x_wconf 73' lang='grc' dir='ltr'>ὥς</span> <span class='ocrx_word' id='word_1_156' title='bbox 171 2530 219 2603; x_wconf 79' lang='grc' dir='ltr'>εἷς</span> <span class='ocrx_word' id='word_1_157' title='bbox 241 2531 334 2615; x_wconf 80' lang='grc' dir='ltr'><strong><em>ὕβριν</em></strong></span> <span class='ocrx_word' id='word_1_158' title='bbox 356 2533 414 2594; x_wconf 81' lang='grc' dir='ltr'>τοῦ</span> <span class='ocrx_word' id='word_1_159' title='bbox 438 2528 543 2614; x_wconf 81' lang='grc' dir='ltr'><strong><em>δήμου</em></strong></span> <span class='ocrx_word' id='word_1_160' title='bbox 570 2530 622 2594; x_wconf 80' lang='grc' dir='ltr'><strong><em>καί</em></strong></span> <span class='ocrx_word' id='word_1_161' title='bbox 646 2533 700 2614; x_wconf 79' lang='grc' dir='ltr'>τῆς</span> <span class='ocrx_word' id='word_1_162' title='bbox 721 2529 840 2614; x_wconf 76' lang='grc' dir='ltr'><strong><em>βουλῆς</em></strong></span> <span class='ocrx_word' id='word_1_163' title='bbox 862 2535 966 2594; x_wconf 79' lang='grc' dir='ltr'><strong><em>ταῦτα</em></strong></span> <span class='ocrx_word' id='word_1_164' title='bbox 987 2531 1193 2616; x_wconf 81' lang='grc' dir='ltr'><strong><em>πεποιηκότα</em></strong></span> <span class='ocrx_word' id='word_1_165' title='bbox 1216 2539 1248 2597; x_wconf 88' lang='lat' dir='ltr'>et</span> 
     </span>
     <span class='ocr_line' id='line_1_22' title="bbox 3 2631 1248 2718; baseline 0.003 -21"><span class='ocrx_word' id='word_1_166' title='bbox 3 2669 5 2682; x_wconf 74' lang='lat'>‚</span> <span class='ocrx_word' id='word_1_167' title='bbox 104 2633 210 2718; x_wconf 87' lang='lat' dir='ltr'>ipsius</span> <span class='ocrx_word' id='word_1_168' title='bbox 237 2631 462 2717; x_wconf 79' lang='lat' dir='ltr'>Aristophanis</span> <span class='ocrx_word' id='word_1_169' title='bbox 495 2653 606 2700; x_wconf 89' lang='lat' dir='ltr'>versus</span> <span class='ocrx_word' id='word_1_170' title='bbox 639 2633 718 2699; x_wconf 90' lang='lat' dir='ltr'>satis</span> <span class='ocrx_word' id='word_1_171' title='bbox 753 2634 1002 2700; x_wconf 83' lang='lat' dir='ltr'>demonstrant.“</span> <span class='ocrx_word' id='word_1_172' title='bbox 1053 2636 1152 2702; x_wconf 90' lang='lat' dir='ltr'>Immo</span> <span class='ocrx_word' id='word_1_173' title='bbox 1185 2655 1248 2702; x_wconf 92' lang='lat' dir='ltr'>non</span> 
     </span>
     <span class='ocr_line' id='line_1_23' title="bbox 3 2727 1248 2822; baseline 0.002 -20"><span class='ocrx_word' id='word_1_174' title='bbox 3 2727 5 2742; x_wconf 44' lang='lat'>³</span> <span class='ocrx_word' id='word_1_175' title='bbox 106 2738 340 2820; x_wconf 87' lang='lat' dir='ltr'>demonstrant,</span> <span class='ocrx_word' id='word_1_176' title='bbox 370 2743 405 2802; x_wconf 90' lang='lat' dir='ltr'>ut</span> <span class='ocrx_word' id='word_1_177' title='bbox 433 2738 475 2803; x_wconf 89' lang='lat' dir='ltr'>ab</span> <span class='ocrx_word' id='word_1_178' title='bbox 507 2737 656 2803; x_wconf 85' lang='lat' dir='ltr'>extremis</span> <span class='ocrx_word' id='word_1_179' title='bbox 687 2738 795 2804; x_wconf 86' lang='lat' dir='ltr'>verbis</span> <span class='ocrx_word' id='word_1_180' title='bbox 822 2738 940 2822; x_wconf 88' lang='lat' dir='ltr'>ordiar,</span> <span class='ocrx_word' id='word_1_181' title='bbox 969 2737 1028 2804; x_wconf 89' lang='lat' dir='ltr'>sed</span> <span class='ocrx_word' id='word_1_182' title='bbox 1050 2738 1248 2822; x_wconf 79' lang='lat' dir='ltr'>redarguunt</span> 
     </span>
     <span class='ocr_line' id='line_1_24' title="bbox 104 2839 1250 2927; baseline 0.003 -21"><span class='ocrx_word' id='word_1_183' title='bbox 104 2841 194 2907; x_wconf 89' lang='lat' dir='ltr'>hane</span> <span class='ocrx_word' id='word_1_184' title='bbox 227 2839 288 2906; x_wconf 90' lang='lat' dir='ltr'>viri</span> <span class='ocrx_word' id='word_1_185' title='bbox 321 2839 408 2906; x_wconf 86' lang='lat' dir='ltr'>docti</span> <span class='ocrx_word' id='word_1_186' title='bbox 442 2839 632 2924; x_wconf 88' lang='lat' dir='ltr'>opinionem.</span> <span class='ocrx_word' id='word_1_187' title='bbox 689 2841 843 2924; x_wconf 84' lang='lat' dir='ltr'>Neglexit</span> <span class='ocrx_word' id='word_1_188' title='bbox 877 2842 961 2907; x_wconf 91' lang='lat' dir='ltr'>enim</span> <span class='ocrx_word' id='word_1_189' title='bbox 994 2841 1137 2927; x_wconf 91' lang='lat' dir='ltr'>inprimis</span> <span class='ocrx_word' id='word_1_190' title='bbox 1170 2843 1250 2909; x_wconf 88' lang='lat' dir='ltr'>illud</span> 
     </span>
     <span class='ocr_line' id='line_1_25' title="bbox 106 2941 1249 3031; baseline 0.005 -25"><span class='ocrx_word' id='word_1_191' title='bbox 106 2947 209 3022; x_wconf 84' lang='grc' dir='ltr'><strong><em>ξένων</em></strong></span> <span class='ocrx_word' id='word_1_192' title='bbox 232 2941 419 3029; x_wconf 84' lang='grc' dir='ltr'><strong><em>παρόντων,</em></strong></span> <span class='ocrx_word' id='word_1_193' title='bbox 444 2943 530 3026; x_wconf 88' lang='lat' dir='ltr'>quod</span> <span class='ocrx_word' id='word_1_194' title='bbox 552 2949 618 3010; x_wconf 85' lang='lat' dir='ltr'>tam</span> <span class='ocrx_word' id='word_1_195' title='bbox 641 2944 784 3027; x_wconf 83' lang='lat' dir='ltr'>graviter</span> <span class='ocrx_word' id='word_1_196' title='bbox 806 2951 905 3029; x_wconf 87' lang='lat' dir='ltr'>poeta</span> <span class='ocrx_word' id='word_1_197' title='bbox 926 2951 958 3010; x_wconf 91' lang='lat' dir='ltr'>et</span> <span class='ocrx_word' id='word_1_198' title='bbox 973 2944 1163 3012; x_wconf 87' lang='lat' dir='ltr'>scholiastes</span> <span class='ocrx_word' id='word_1_199' title='bbox 1179 2967 1249 3031; x_wconf 91' lang='lat' dir='ltr'>pre·</span> 
     </span>
     <span class='ocr_line' id='line_1_26' title="bbox 105 3047 1249 3134; baseline 0.004 -22"><span class='ocrx_word' id='word_1_200' title='bbox 105 3052 212 3130; x_wconf 78' lang='lat' dir='ltr'>munt3</span> <span class='ocrx_word' id='word_1_201' title='bbox 254 3053 320 3112; x_wconf 89' lang='lat' dir='ltr'>turn</span> <span class='ocrx_word' id='word_1_202' title='bbox 354 3066 430 3112; x_wconf 88' lang='lat' dir='ltr'>vero</span> <span class='ocrx_word' id='word_1_203' title='bbox 465 3068 506 3112; x_wconf 88' lang='lat' dir='ltr'>ex</span> <span class='ocrx_word' id='word_1_204' title='bbox 540 3047 685 3114; x_wconf 90' lang='lat' dir='ltr'>omnibus</span> <span class='ocrx_word' id='word_1_205' title='bbox 718 3048 973 3114; x_wconf 82' lang='lat' dir='ltr'>Achomensium</span> <span class='ocrx_word' id='word_1_206' title='bbox 1006 3049 1122 3134; x_wconf 85' lang='lat' dir='ltr'>verbis,</span> <span class='ocrx_word' id='word_1_207' title='bbox 1164 3070 1249 3133; x_wconf 88' lang='lat' dir='ltr'>quae</span> 
     </span>
     <span class='ocr_line' id='line_1_27' title="bbox 107 3151 1250 3236; baseline 0.001 -19"><span class='ocrx_word' id='word_1_208' title='bbox 107 3152 152 3218; x_wconf 88' lang='lat' dir='ltr'>de</span> <span class='ocrx_word' id='word_1_209' title='bbox 185 3151 250 3216; x_wconf 90' lang='lat' dir='ltr'>hae</span> <span class='ocrx_word' id='word_1_210' title='bbox 283 3170 399 3216; x_wconf 89' lang='lat' dir='ltr'>caussa</span> <span class='ocrx_word' id='word_1_211' title='bbox 426 3151 517 3216; x_wconf 85' lang='lat' dir='ltr'>faeta</span> <span class='ocrx_word' id='word_1_212' title='bbox 545 3157 627 3235; x_wconf 86' lang='lat' dir='ltr'>sunt,</span> <span class='ocrx_word' id='word_1_213' title='bbox 660 3158 747 3218; x_wconf 86' lang='lat' dir='ltr'>certo</span> <span class='ocrx_word' id='word_1_214' title='bbox 778 3153 880 3234; x_wconf 86' lang='lat' dir='ltr'>liquet</span> <span class='ocrx_word' id='word_1_215' title='bbox 909 3153 950 3218; x_wconf 94' lang='lat' dir='ltr'>oh</span> <span class='ocrx_word' id='word_1_216' title='bbox 977 3152 1083 3236; x_wconf 86' lang='lat' dir='ltr'>ipsam</span> <span class='ocrx_word' id='word_1_217' title='bbox 1105 3152 1250 3220; x_wconf 88' lang='lat' dir='ltr'>fabulam</span> 
     </span>
     <span class='ocr_line' id='line_1_28' title="bbox 106 3252 1250 3341; baseline 0.003 -23"><span class='ocrx_word' id='word_1_218' title='bbox 106 3254 200 3319; x_wconf 89' lang='lat' dir='ltr'>litem</span> <span class='ocrx_word' id='word_1_219' title='bbox 230 3252 387 3319; x_wconf 88' lang='lat' dir='ltr'>intentam</span> <span class='ocrx_word' id='word_1_220' title='bbox 415 3273 496 3338; x_wconf 87' lang='lat' dir='ltr'>esse,</span> <span class='ocrx_word' id='word_1_221' title='bbox 525 3254 663 3320; x_wconf 83' lang='lat' dir='ltr'>maxime</span> <span class='ocrx_word' id='word_1_222' title='bbox 693 3253 833 3339; x_wconf 85' lang='lat' dir='ltr'>quidem,</span> <span class='ocrx_word' id='word_1_223' title='bbox 862 3259 897 3320; x_wconf 93' lang='lat' dir='ltr'>ut</span> <span class='ocrx_word' id='word_1_224' title='bbox 919 3255 1000 3321; x_wconf 87' lang='lat' dir='ltr'>alios</span> <span class='ocrx_word' id='word_1_225' title='bbox 1023 3255 1177 3341; x_wconf 79' lang='lat' dir='ltr'>omittam,</span> <span class='ocrx_word' id='word_1_226' title='bbox 1209 3278 1250 3324; x_wconf 88' lang='lat' dir='ltr'>ex</span> 
     </span>
     <span class='ocr_line' id='line_1_29' title="bbox 106 3358 357 3441; baseline 0 -18"><span class='ocrx_word' id='word_1_227' title='bbox 106 3378 159 3424; x_wconf 89' lang='lat' dir='ltr'>vs.</span> <span class='ocrx_word' id='word_1_228' title='bbox 182 3358 244 3423; x_wconf 72' lang='lat'>377</span> <span class='ocrx_word' id='word_1_229' title='bbox 269 3377 357 3441; x_wconf 91' lang='lat' dir='ltr'>sqq.:</span> 
     </span>
     <span class='ocr_line' id='line_1_30' title="bbox 267 3460 1023 3544; baseline 0.007 -20"><span class='ocrx_word' id='word_1_230' title='bbox 267 3460 363 3536; x_wconf 82' lang='grc' dir='ltr'><strong><em>αδτός</em></strong></span> <span class='ocrx_word' id='word_1_231' title='bbox 384 3462 413 3524; x_wconf 74' lang='grc' dir='ltr'>τ’</span> <span class='ocrx_word' id='word_1_232' title='bbox 435 3460 576 3544; x_wconf 76' lang='grc' dir='ltr'><strong><em>ἐμαυτὸν</em></strong></span> <span class='ocrx_word' id='word_1_233' title='bbox 597 3461 666 3528; x_wconf 86' lang='grc' dir='ltr'>ὑπὸ</span> <span class='ocrx_word' id='word_1_234' title='bbox 689 3462 833 3536; x_wconf 80' lang='grc' dir='ltr'><strong><em>Κλέωνος</em></strong></span> <span class='ocrx_word' id='word_1_235' title='bbox 855 3465 1023 3529; x_wconf 76' lang='grc' dir='ltr'><strong><em>ἅπαθον</em></strong></span> 
     </span>
     <span class='ocr_line' id='line_1_31' title="bbox 267 3563 1157 3651; baseline 0.007 -25"><span class='ocrx_word' id='word_1_236' title='bbox 267 3563 445 3646; x_wconf 78' lang='grc' dir='ltr'><strong><em>ἐπίσταμαι</em></strong></span> <span class='ocrx_word' id='word_1_237' title='bbox 472 3564 539 3628; x_wconf 84' lang='grc' dir='ltr'>διὰ</span> <span class='ocrx_word' id='word_1_238' title='bbox 567 3567 636 3651; x_wconf 80' lang='grc' dir='ltr'><strong><em>τὴν</em></strong></span> <span class='ocrx_word' id='word_1_239' title='bbox 662 3569 804 3651; x_wconf 84' lang='grc' dir='ltr'><strong><em>πέρυσι</em></strong></span> <span class='ocrx_word' id='word_1_240' title='bbox 832 3566 1063 3651; x_wconf 80' lang='grc' dir='ltr'><strong><em>κωμῳδίαν·</em></strong></span> <span class='ocrx_word' id='word_1_241' title='bbox 1091 3566 1157 3632; x_wconf 89' lang='grc' dir='ltr'><strong><em>κτλ.</em></strong></span> 
     </span>
     <span class='ocr_line' id='line_1_32' title="bbox 106 3667 1249 3756; baseline 0.002 -21"><span class='ocrx_word' id='word_1_242' title='bbox 106 3667 181 3735; x_wconf 88' lang='lat' dir='ltr'>Sed</span> <span class='ocrx_word' id='word_1_243' title='bbox 206 3688 247 3733; x_wconf 91' lang='lat' dir='ltr'>ne</span> <span class='ocrx_word' id='word_1_244' title='bbox 277 3667 472 3734; x_wconf 89' lang='lat' dir='ltr'>scholiastae</span> <span class='ocrx_word' id='word_1_245' title='bbox 501 3667 630 3751; x_wconf 89' lang='lat' dir='ltr'>quidem</span> <span class='ocrx_word' id='word_1_246' title='bbox 658 3669 852 3734; x_wconf 85' lang='lat' dir='ltr'>auctoritate</span> <span class='ocrx_word' id='word_1_247' title='bbox 874 3669 1021 3736; x_wconf 81' lang='lat' dir='ltr'>Lubkius</span> <span class='ocrx_word' id='word_1_248' title='bbox 1047 3671 1106 3736; x_wconf 91' lang='lat' dir='ltr'>niti</span> <span class='ocrx_word' id='word_1_249' title='bbox 1129 3672 1249 3756; x_wconf 88' lang='lat' dir='ltr'>debuit,</span> 
     </span>
     <span class='ocr_line' id='line_1_33' title="bbox 107 3770 1250 3854; baseline 0.003 -17"><span class='ocrx_word' id='word_1_250' title='bbox 107 3791 185 3837; x_wconf 90' lang='lat' dir='ltr'>eum</span> <span class='ocrx_word' id='word_1_251' title='bbox 219 3776 252 3836; x_wconf 90' lang='lat' dir='ltr'>et</span> <span class='ocrx_word' id='word_1_252' title='bbox 283 3771 369 3836; x_wconf 89' lang='lat' dir='ltr'>hune</span> <span class='ocrx_word' id='word_1_253' title='bbox 396 3770 483 3838; x_wconf 91' lang='lat' dir='ltr'>idem</span> <span class='ocrx_word' id='word_1_254' title='bbox 512 3771 650 3838; x_wconf 88' lang='lat' dir='ltr'>sensisse</span> <span class='ocrx_word' id='word_1_255' title='bbox 680 3772 767 3854; x_wconf 91' lang='lat' dir='ltr'>quod</span> <span class='ocrx_word' id='word_1_256' title='bbox 795 3792 853 3838; x_wconf 86' lang='lat' dir='ltr'>nos</span> <span class='ocrx_word' id='word_1_257' title='bbox 881 3793 921 3838; x_wconf 86' lang='lat' dir='ltr'>ex</span> <span class='ocrx_word' id='word_1_258' title='bbox 951 3774 1057 3840; x_wconf 83' lang='lat' dir='ltr'>verbis</span> <span class='ocrx_word' id='word_1_259' title='bbox 1081 3775 1149 3841; x_wconf 87' lang='lat' dir='ltr'>eius</span> <span class='ocrx_word' id='word_1_260' title='bbox 1171 3776 1250 3842; x_wconf 88' lang='lat' dir='ltr'>satis</span> 
     </span>
     <span class='ocr_line' id='line_1_34' title="bbox 106 3875 1249 3966; baseline 0.002 -25"><span class='ocrx_word' id='word_1_261' title='bbox 106 3881 287 3959; x_wconf 81' lang='lat' dir='ltr'>appareat3</span> <span class='ocrx_word' id='word_1_262' title='bbox 311 3895 386 3940; x_wconf 86' lang='lat' dir='ltr'>nam</span> <span class='ocrx_word' id='word_1_263' title='bbox 409 3875 476 3938; x_wconf 83' lang='grc' dir='ltr'>διὰ</span> <span class='ocrx_word' id='word_1_264' title='bbox 498 3879 632 3950; x_wconf 85' lang='grc' dir='ltr'><strong><em>τοῦτο,</em></strong></span> <span class='ocrx_word' id='word_1_265' title='bbox 655 3875 766 3959; x_wconf 80' lang='lat' dir='ltr'>inquit,</span> <span class='ocrx_word' id='word_1_266' title='bbox 791 3877 955 3962; x_wconf 72' lang='grc' dir='ltr'><strong><em>ὀργισθεὶς</em></strong></span> <span class='ocrx_word' id='word_1_267' title='bbox 978 3877 996 3941; x_wconf 86' lang='grc' dir='ltr'>ὁ</span> <span class='ocrx_word' id='word_1_268' title='bbox 1019 3879 1129 3944; x_wconf 78' lang='grc' dir='ltr'><strong><em>Κλέων</em></strong></span> <span class='ocrx_word' id='word_1_269' title='bbox 1150 3879 1249 3966; x_wconf 76' lang='grc' dir='ltr'><strong><em>ἐγρά-</em></strong></span> 
     </span>
     <span class='ocr_line' id='line_1_35' title="bbox 105 3977 1250 4064; baseline 0.005 -22"><span class='ocrx_word' id='word_1_270' title='bbox 105 3992 205 4064; x_wconf 81' lang='grc' dir='ltr'><strong><em>ψατο</em></strong></span> <span class='ocrx_word' id='word_1_271' title='bbox 228 3978 328 4044; x_wconf 74' lang='grc' dir='ltr'><strong><em>αὐτὸν</em></strong></span> <span class='ocrx_word' id='word_1_272' title='bbox 355 3977 484 4053; x_wconf 76' lang='grc' dir='ltr'><strong><em>ἀδικίας</em></strong></span> <span class='ocrx_word' id='word_1_273' title='bbox 512 3980 556 4054; x_wconf 79' lang='grc' dir='ltr'>εἷς</span> <span class='ocrx_word' id='word_1_274' title='bbox 584 3979 660 4053; x_wconf 82' lang='grc' dir='ltr'>τούς</span> <span class='ocrx_word' id='word_1_275' title='bbox 681 3978 832 4053; x_wconf 80' lang='grc' dir='ltr'><strong><em>πολίτας,</em></strong></span> <span class='ocrx_word' id='word_1_276' title='bbox 862 3979 893 4045; x_wconf 93' lang='lat' dir='ltr'>h.</span> <span class='ocrx_word' id='word_1_277' title='bbox 918 4001 945 4045; x_wconf 91' lang='lat' dir='ltr'>e.</span> <span class='ocrx_word' id='word_1_278' title='bbox 971 3979 1102 4044; x_wconf 80' lang='grc' dir='ltr'><strong><em>διὰτὸ</em></strong></span> <span class='ocrx_word' id='word_1_279' title='bbox 1125 3989 1250 4058; x_wconf 81' lang='grc' dir='ltr'><strong><em>κακῶς</em></strong></span> 
     </span>
     <span class='ocr_line' id='line_1_36' title="bbox 106 4081 1247 4168; baseline 0.003 -21"><span class='ocrx_word' id='word_1_280' title='bbox 106 4084 240 4162; x_wconf 76' lang='grc' dir='ltr'><strong><em>λέγειν</em></strong></span> <span class='ocrx_word' id='word_1_281' title='bbox 267 4082 330 4144; x_wconf 80' lang='grc' dir='ltr'><strong><em>καί</em></strong></span> <span class='ocrx_word' id='word_1_282' title='bbox 358 4081 578 4166; x_wconf 64' lang='lat' dir='ltr'>naualem</span> <span class='ocrx_word' id='word_1_283' title='bbox 608 4090 655 4150; x_wconf 85' lang='lat' dir='ltr'>et:</span> <span class='ocrx_word' id='word_1_284' title='bbox 684 4082 728 4157; x_wconf 73' lang='lat' dir='ltr'>aig</span> <span class='ocrx_word' id='word_1_285' title='bbox 755 4085 800 4156; x_wconf 78' lang='grc' dir='ltr'>εἷς</span> <span class='ocrx_word' id='word_1_286' title='bbox 822 4085 914 4168; x_wconf 75' lang='grc' dir='ltr'><strong><em>ὕβριν</em></strong></span> <span class='ocrx_word' id='word_1_287' title='bbox 943 4129 950 4146; x_wconf 90' lang='grc'><strong><em>.</em></strong></span> <span class='ocrx_word' id='word_1_288' title='bbox 975 4130 982 4145; x_wconf 88' lang='grc'><strong><em>.</em></strong></span> <span class='ocrx_word' id='word_1_289' title='bbox 1006 4130 1015 4146; x_wconf 96' lang='grc'><strong><em>.</em></strong></span> <span class='ocrx_word' id='word_1_290' title='bbox 1038 4089 1161 4149; x_wconf 82' lang='grc' dir='ltr'><strong><em>ταῦτα</em></strong></span> <span class='ocrx_word' id='word_1_291' title='bbox 1184 4110 1247 4150; x_wconf 82' lang='grc' dir='ltr'>πε-</span> 
     </span>
     <span class='ocr_line' id='line_1_37' title="bbox 107 4185 1250 4273; baseline 0.002 -21"><span class='ocrx_word' id='word_1_292' title='bbox 107 4185 287 4270; x_wconf 84' lang='grc' dir='ltr'><strong><em>ποιηκότα,</em></strong></span> <span class='ocrx_word' id='word_1_293' title='bbox 315 4185 440 4254; x_wconf 81' lang='lat' dir='ltr'>scilioet</span> <span class='ocrx_word' id='word_1_294' title='bbox 467 4186 509 4250; x_wconf 86' lang='grc' dir='ltr'>τὸ</span> <span class='ocrx_word' id='word_1_295' title='bbox 540 4186 749 4273; x_wconf 79' lang='grc' dir='ltr'><strong><em>κωμῳδεῖν.</em></strong></span> <span class='ocrx_word' id='word_1_296' title='bbox 795 4187 901 4269; x_wconf 83' lang='lat' dir='ltr'>Atque</span> <span class='ocrx_word' id='word_1_297' title='bbox 925 4207 1053 4270; x_wconf 85' lang='lat' dir='ltr'>prorsus</span> <span class='ocrx_word' id='word_1_298' title='bbox 1075 4189 1181 4254; x_wconf 86' lang='lat' dir='ltr'>omisit</span> <span class='ocrx_word' id='word_1_299' title='bbox 1203 4190 1250 4256; x_wconf 90' lang='lat' dir='ltr'>vir</span> 
     </span>
     <span class='ocr_line' id='line_1_38' title="bbox 108 4289 1249 4376; baseline 0 -19"><span class='ocrx_word' id='word_1_300' title='bbox 108 4291 238 4374; x_wconf 71' lang='lat' dir='ltr'>docilis,</span> <span class='ocrx_word' id='word_1_301' title='bbox 262 4310 345 4374; x_wconf 84' lang='lat' dir='ltr'>quae</span> <span class='ocrx_word' id='word_1_302' title='bbox 369 4289 537 4356; x_wconf 83' lang='lat' dir='ltr'>annotavit</span> <span class='ocrx_word' id='word_1_303' title='bbox 559 4290 603 4355; x_wconf 89' lang='lat' dir='ltr'>ad</span> <span class='ocrx_word' id='word_1_304' title='bbox 625 4309 671 4355; x_wconf 79' lang='lat' dir='ltr'>vs</span> <span class='ocrx_word' id='word_1_305' title='bbox 689 4291 769 4356; x_wconf 81' lang='lat'>503:</span> <span class='ocrx_word' id='word_1_306' title='bbox 802 4293 902 4365; x_wconf 84' lang='grc' dir='ltr'><strong><em>ξένων</em></strong></span> <span class='ocrx_word' id='word_1_307' title='bbox 924 4289 1113 4376; x_wconf 76' lang='grc' dir='ltr'><strong><em>παρόντωνε</em></strong></span> <span class='ocrx_word' id='word_1_308' title='bbox 1138 4290 1194 4354; x_wconf 83' lang='grc' dir='ltr'>διὰ</span> <span class='ocrx_word' id='word_1_309' title='bbox 1213 4293 1249 4357; x_wconf 90' lang='grc' dir='ltr'>τδ</span> 
     </span>
     <span class='ocr_line' id='line_1_39' title="bbox 107 4392 1253 4478; baseline 0 -20"><span class='ocrx_word' id='word_1_310' title='bbox 107 4394 149 4460; x_wconf 76' lang='grc' dir='ltr'><strong><em>ἓν</em></strong></span> <span class='ocrx_word' id='word_1_311' title='bbox 177 4403 246 4467; x_wconf 78' lang='grc' dir='ltr'><strong><em>τοῖς</em></strong></span> <span class='ocrx_word' id='word_1_312' title='bbox 267 4392 492 4476; x_wconf 75' lang='grc' dir='ltr'><strong><em>Βαβυλωνίοις</em></strong></span> <span class='ocrx_word' id='word_1_313' title='bbox 520 4393 654 4458; x_wconf 79' lang='grc' dir='ltr'><strong><em>πολλῶν</em></strong></span> <span class='ocrx_word' id='word_1_314' title='bbox 676 4393 851 4478; x_wconf 85' lang='grc' dir='ltr'><strong><em>παρόντων</em></strong></span> <span class='ocrx_word' id='word_1_315' title='bbox 873 4396 973 4469; x_wconf 83' lang='grc' dir='ltr'><strong><em>ξένων</em></strong></span> <span class='ocrx_word' id='word_1_316' title='bbox 993 4395 1149 4478; x_wconf 71' lang='grc' dir='ltr'><strong><em>,εἰρηκέναι</em></strong></span> <span class='ocrx_word' id='word_1_317' title='bbox 1170 4397 1253 4460; x_wconf 86' lang='grc' dir='ltr'><strong><em>κατὰ</em></strong></span> 
     </span>
     <span class='ocr_line' id='line_1_40' title="bbox 110 4497 1253 4584; baseline 0.001 -21"><span class='ocrx_word' id='word_1_318' title='bbox 110 4497 250 4563; x_wconf 80' lang='grc' dir='ltr'><strong><em>πολλῶν</em></strong></span> <span class='ocrx_word' id='word_1_319' title='bbox 271 4497 328 4562; x_wconf 85' lang='grc' dir='ltr'><strong><em>τὸν</em></strong></span> <span class='ocrx_word' id='word_1_320' title='bbox 349 4497 599 4584; x_wconf 80' lang='grc' dir='ltr'><strong><em>Ἀριστοφάνην.</em></strong></span> <span class='ocrx_word' id='word_1_321' title='bbox 635 4497 698 4562; x_wconf 89' lang='grc' dir='ltr'>διδ</span> <span class='ocrx_word' id='word_1_322' title='bbox 721 4498 783 4560; x_wconf 82' lang='grc' dir='ltr'><strong><em>καὶ</em></strong></span> <span class='ocrx_word' id='word_1_323' title='bbox 807 4497 1061 4584; x_wconf 75' lang='grc' dir='ltr'><strong><em>κατηγορήθη</em></strong></span> <span class='ocrx_word' id='word_1_324' title='bbox 1082 4499 1161 4564; x_wconf 81' lang='grc' dir='ltr'>δπδ</span> <span class='ocrx_word' id='word_1_325' title='bbox 1185 4504 1253 4564; x_wconf 82' lang='grc' dir='ltr'>τοῦ</span> 
     </span>
     <span class='ocr_line' id='line_1_41' title="bbox 166 4606 1047 4674; baseline 0 -20"><span class='ocrx_word' id='word_1_326' title='bbox 166 4607 262 4662; x_wconf 83' lang='lat' dir='ltr'>Briel‚</span> <span class='ocrx_word' id='word_1_327' title='bbox 280 4607 316 4654; x_wconf 81' lang='lat' dir='ltr'>De</span> <span class='ocrx_word' id='word_1_328' title='bbox 328 4606 464 4655; x_wconf 82' lang='lat' dir='ltr'>Callistrato</span> <span class='ocrx_word' id='word_1_329' title='bbox 477 4612 501 4656; x_wconf 87' lang='lat' dir='ltr'>et</span> <span class='ocrx_word' id='word_1_330' title='bbox 514 4608 644 4657; x_wconf 86' lang='lat' dir='ltr'>Philonide.</span> <span class='ocrx_word' id='word_1_331' title='bbox 1030 4620 1047 4674; x_wconf 79' lang='lat'><strong>3</strong></span> 
     </span>
    </p>
   </div>
   <div class='ocr_carea' id='block_1_3' title="bbox 0 0 1589 5266">
    <p class='ocr_par' dir='ltr' id='par_1_3' title="bbox 0 0 1589 5266">
     <span class='ocr_line' id='line_1_42' title="bbox 0 0 1589 5266; baseline 0 0"><span class='ocrx_word' id='word_1_332' title='bbox 0 0 1589 5266; x_wconf 95' lang='lat' dir='ltr'> </span> 
     </span>
    </p>
   </div>
  </div>
 </body>
</html>
