3140 5266
538 375 663 438 ,γη
707 411 747 422 ...

64 564 153 629 nihil
178 565 391 649 peccavisset.
429 564 467 630 ld
491 583 586 628 unum
610 561 787 628 concedam
809 567 939 646 poetam
961 561 1007 626 ita
1030 561 1213 628 Callistrato

64 667 281 752 succurrisse,
315 673 350 733 ut
380 667 420 752 ci,
455 667 482 732 si
515 665 600 732 sorte
634 666 733 731 multa
765 666 916 732 multatus
950 671 1029 749 erat,
1064 665 1214 731 damnum

64 771 268 837 restitueret.
314 771 464 837 Ceterum
497 791 590 836 nemo
624 775 722 852 atque
756 790 797 834 ue
825 769 1056 853 Aristophanes
1085 769 1214 852 quidem

66 875 296 942 Callistratum
325 875 434 958 coegit
459 881 515 940 aut
545 894 662 956 cogere
685 872 789 958 potuit
811 872 1061 958 Babyloniorum
1084 872 1215 938 chorum

66 987 198 1064 petere,
223 1000 318 1062 quom
340 980 367 1045 si
389 980 533 1064 petebat,
557 977 665 1044 omnia
687 983 805 1062 poetae
820 978 866 1042 uti
881 977 952 1042 iura
968 977 1014 1042 ita
1030 976 1137 1042 officia
1153 976 1214 1041 sibi

67 1083 275 1168 praestanda
299 1103 370 1149 esse
385 1103 449 1148 non
464 1082 645 1166 ignorabat.
681 1081 788 1158 Quare
804 1100 951 1146 caussam
966 1079 1055 1145 illam
1070 1080 1214 1162 effugere

67 1208 150 1274 uon¹
173 1186 287 1271 potuit.
343 1186 437 1251 Hanc
470 1183 663 1251 seutentiam
695 1183 760 1250 iam
792 1184 932 1249 valuisse
966 1183 1054 1268 apud
1087 1189 1214 1249 veteres

69 1289 305 1374 grammaticos
327 1289 418 1356 testis
441 1295 490 1355 est
513 1288 611 1354 schol.
636 1287 679 1352 ad
701 1288 798 1372 Vesp.
822 1307 868 1352 vs.
894 1285 992 1352 1284:

233 1413 296 1474 aiot
316 1433 399 1485 τινες
422 1416 455 1474 ol
475 1411 509 1492 μ’
533 1409 641 1492 ἔλεγον
664 1409 706 1482 ὠς
729 1407 1000 1492 καταδιηλλάγην,

232 1515 325 1600 ἡνίκα
348 1513 458 1579 Κλέων
479 1514 513 1596 μ’
534 1512 752 1597 ὑπετάραττεν
772 1511 970 1594 ἐπικείμενος
993 1510 1058 1576 κτλ.

69 1656 196 1721 schol:
230 1635 373 1738 ἄδηλον,
407 1653 548 1739 πότερον
580 1654 635 1737 τῆς
664 1651 905 1736 Καλλιστράτου
938 1652 983 1724 είς
1012 1650 1068 1735 την
1096 1649 1217 1734 βουλίην

69 1761 255 1842 εἰσαγωγῆς
278 1758 330 1820 καί
352 1762 413 1822 νῦν
432 1756 652 1842 μιμνήσκεται,
677 1758 726 1819 ὅτι
748 1755 849 1820 αὐτὸν
864 1753 974 1818 Κλέων
995 1752 1174 1838 εἰσήγαγεν,
1197 1756 1217 1838 ἢ

69 1861 185 1948 ἑτέρας
208 1861 277 1924 κατ’
300 1861 403 1924 αὐτοῦ
418 1861 591 1944 γενομένης
604 1858 876 1946 Ἀριστοφάνους,
900 1858 953 1920 καί
969 1857 1011 1944 μὴ
1026 1859 1215 1942 εἰσαγωγῆς,

69 1964 161 2028 ἄλλά
187 1963 323 2048 άπειλῆς
345 1986 442 2042 τινος,
472 1965 553 2050 ὅπερ
580 1963 633 2025 καὶ
661 1961 787 2046 μάλλον
812 1960 1011 2044 ἐμφαίνεται.
1056 1959 1161 2026 ἐκεῖνά
1182 1983 1216 2023 τε

70 2069 136 2155 γάρ
160 2068 342 2133 ἀναπολεῖν
363 2067 556 2153 άρχαιότερα
579 2068 679 2141 ἔσται,
704 2071 763 2131 νῦν
784 2088 818 2128 τε
841 2065 885 2140 ὠς
907 2065 980 2151 περὶ
1004 2063 1107 2129 αὑτοῦ
1122 2064 1215 2144 λε’γει.

70 2175 184 2256 Atque
204 2172 266 2238 hoc
281 2172 434 2256 scholion,
460 2171 545 2256 quod
560 2171 645 2236 inira
661 2171 843 2237 accuratius
858 2169 1073 2253 inspiciemus
1097 2190 1117 2234 a
1133 2169 1216 2234 bono

71 2278 165 2342 fonte
189 2276 339 2342 haustum
361 2296 431 2342 esse
447 2275 589 2352 videtum
613 2282 700 2341 certe
717 2274 908 2358 dignitatern
924 2272 1096 2354 quandam,
1120 2277 1154 2337 ut
1170 2271 1216 2336 ita

72 2381 195 2464 dicam,
219 2400 298 2464 prae
321 2399 356 2445 se
373 2379 445 2462 fert,
470 2398 554 2462 quae
571 2399 591 2444 a
607 2384 684 2444 nota
700 2377 944 2444 scholiastarum
960 2375 1103 2441 vanitate
1120 2374 1216 2440 valdo

75 2484 242 2550 abhorret.

165 2605 322 2670 Caussam
348 2611 457 2670 autem
485 2604 689 2684 εἰσαγγελίαν
718 2601 816 2670 fuisse
845 2603 913 2669 veri
944 2609 993 2669 est
1015 2601 1216 2688 simillimum,

73 2715 107 2775 et
143 2707 345 2774 consentiunt
379 2707 447 2773 fere
482 2727 592 2773 omnes
620 2708 660 2773 de
691 2707 753 2773 hac
781 2727 825 2791 re,
860 2707 892 2771 in
916 2728 1012 2789 quam
1035 2706 1217 2774 accuratius

72 2811 247 2895 inquirere,
272 2831 343 2876 cum
366 2811 408 2876 ab
431 2810 494 2876 hac
512 2810 729 2895 disputatione
746 2811 871 2892 longius
887 2810 981 2894 absit,
1006 2811 1216 2895 supersedere

72 2934 253 2999 possumus.
288 2915 372 2980 Acta
395 2920 443 2980 est
467 2934 584 2980 caussa
607 2914 695 2997 apud
710 2920 886 2997 senatores,
911 2913 965 2996 qui
981 2933 1070 2980 reum
1086 2914 1217 2980 crimine

72 3019 233 3084 liberasse
255 3023 311 3082 aut
333 3017 412 3082 satis
434 3037 538 3101 parva
560 3016 698 3101 pecunia
713 3017 866 3083 multasse
883 3017 1039 3083 videntur.
1074 3017 1111 3082 Id
1129 3024 1216 3084 certe

75 3121 225 3187 conicere
247 3120 324 3186 licet
348 3119 473 3186 axillis
496 3119 621 3186 verbis:

635 3243 710 3305 ὥστ’
733 3241 844 3322 ὀλίγον
868 3241 958 3306 πάνυ

327 3345 508 3430 άπωλόμην
529 3345 957 3431 μολυνοπραγμονούμενος.

163 3484 382 3551 Callistratum
408 3485 506 3570 igitur
535 3483 717 3569 significant
746 3485 1000 3552 Acharnensium
1022 3507 1143 3568 versus,
1174 3488 1215 3554 de

77 3589 193 3672 quibus
222 3589 328 3656 adhuc
357 3589 599 3674 disputavimus.
649 3587 799 3658 Nondum
825 3611 902 3655 vero
933 3591 1078 3674 quaestio
1102 3591 1142 3657 de
1166 3591 1215 3658 his

77 3693 223 3758 versibus
246 3693 403 3758 exhausta
425 3699 483 3778 est,
508 3713 587 3776 quos
610 3692 636 3758 si
658 3693 839 3759 accuratius
855 3694 1103 3780 consideramus,
1128 3703 1214 3762 certe

78 3795 237 3861 miramur.
268 3796 424 3879 Loquitur
446 3796 530 3862 enim
552 3796 585 3860 in
607 3815 727 3862 scaeua
750 3781 968 3882 Dicaeopblis,
993 3818 1087 3881 quem
1110 3798 1215 3866 subito

78 3919 248 3982 personam
259 3919 350 3966 suam
362 3919 479 3966 exuere
492 3905 525 3965 et
537 3899 628 3982 quasi
640 3900 728 3964 illum
738 3921 828 3966 reum
839 3900 943 3985 ipsum
955 3903 1123 3985 provenire
1136 3923 1214 3968 sane

79 4003 190 4068 mirum
213 4009 271 4088 est,
298 4002 487 4087 praesertim
510 4023 581 4068 cum
603 4003 636 4067 iu
663 4003 734 4068 aliis
758 4003 931 4070 comoediis
954 4004 1090 4071 servatis
1113 4007 1215 4072 simile

80 4105 201 4190 aliquid
223 4105 337 4172 iterum
358 4127 422 4171 nou
445 4111 549 4171 exstet
558 4108 589 4190 ι).
625 4105 707 4184 Quin
723 4113 820 4192 poeta
836 4107 986 4174 libertate
1002 4108 1080 4174 satis
1095 4131 1214 4193 magna

84 4317 287 4328 —----—-

149 4435 169 4505 ¹)
188 4436 223 4490 Iu
240 4435 369 4506 reliquiis
387 4435 591 4506 Aristophanis
609 4436 666 4489 duo
685 4435 850 4507 fragmenta
867 4443 943 4504 sunt,
962 4438 992 4490 in
1007 4438 1109 4508 quibus
1122 4439 1213 4494 simile

83 4522 189 4598 aliquid
199 4541 349 4582 occurrere
358 4523 481 4583 videtur.
506 4525 639 4596 Legimus
654 4524 729 4582 enim
739 4525 811 4585 haec
820 4525 850 4578 in
860 4523 940 4584 Vita:
960 4526 1028 4592 τινὲς
1040 4527 1069 4585 cli
1081 4527 1129 4581 δύο
1143 4533 1215 4603 φασί
