3140 5266
555 381 766 446 ...31-

179 567 331 636 Proiecto
359 567 572 634 haecomnia
595 589 635 634 ex
659 569 835 636 Callistrati
857 571 1017 636 sententia
1039 570 1231 655 accipienda

81 676 175 754 sunt,
200 692 276 737 nam
299 671 339 736 de
363 671 424 737 boc
448 671 665 756 coryphaeum
687 673 870 756 loquentem
892 673 970 740 fecit
989 674 1229 759 Aristophanen.

81 775 176 839 Illud
201 775 341 858 quidem,
365 775 451 858 quod
475 776 563 842 cives
585 783 690 860 rogat,
713 784 838 862 postea,
862 777 889 844 si
912 778 995 844 forte
1012 801 1029 845 e
1045 801 1079 844 re
1097 786 1175 863 erat,
1198 780 1232 844 in

82 899 120 944 se
148 876 221 962 ipse
237 879 470 964 Aristophanes
494 887 680 946 convertere
701 887 837 964 poterat.
869 883 952 950 Nam
970 883 1023 950 ubi
1039 884 1109 967 ipse
1125 885 1230 968 docet,

82 981 239 1046 succedit
262 983 355 1065 qnasi
377 983 410 1048 in
432 983 604 1049 stationem
620 985 804 1069 Callistrati,
828 992 860 1050 et
883 988 992 1052 valent
1016 993 1082 1051 tum
1104 987 1137 1051 in
1160 1009 1232 1052 eum

85 1107 176 1168 quac
208 1092 307 1152 antea
334 1086 367 1151 in
390 1087 617 1152 Callistratum.
670 1089 784 1170 Itaque
808 1089 921 1154 laudes
944 1089 1020 1156 illae
1043 1091 1231 1174 permultae,

85 1211 162 1255 oum
199 1196 333 1275 propter
361 1191 615 1275 Aristophaneas
650 1192 778 1258 fabulas
813 1193 1014 1260 Callistratus
1048 1195 1095 1260 eis
1129 1196 1232 1260 elatus

85 1301 189 1379 esset,
224 1283 317 1378 ipsae
346 1293 444 1359 etiam
471 1295 515 1360 ad
542 1295 790 1380 Aristophanem
818 1298 960 1363 converti
991 1319 1124 1364 necesse
1152 1305 1232 1383 erat,

86 1420 161 1465 cum
193 1405 293 1482 poeta
321 1419 377 1464 suo
400 1399 527 1465 nomine
550 1401 694 1484 praefixo
717 1401 776 1466 has
799 1401 927 1468 fabulas
951 1403 1080 1468 edebat.
1126 1403 1233 1480 Quare

86 1503 220 1568 omnino
243 1503 373 1586 ingenio
389 1525 465 1569 vere
481 1504 717 1588 Aristophaneo
732 1506 817 1571 hanc
832 1506 1007 1589 parabasin
1024 1507 1233 1590 compositam

87 1627 162 1672 esse
188 1627 253 1672 non
277 1613 383 1690 potest
405 1608 528 1690 negari.

180 1710 249 1776 Sed
272 1710 349 1792 quid
372 1710 413 1776 de
428 1711 556 1794 Aegina
578 1712 780 1778 iudicamus?
815 1713 876 1789 oui
898 1712 967 1778 fieri
982 1713 1096 1797 potuit,
1120 1720 1154 1778 ut
1169 1734 1234 1778 una

88 1835 164 1879 cum
188 1814 294 1879 insula
316 1819 414 1898 poeta
438 1834 564 1897 quoque
587 1816 837 1882 Atheniensibus
859 1817 1059 1901 eriperetur?
1096 1818 1233 1885 Nostrae

88 1919 213 1984 aetatis
243 1918 303 1984 viri
334 1918 434 2002 docti,
465 1920 519 2001 qui
549 1919 634 1984 hanc
664 1919 885 2002 quaestionem
914 1920 1131 2004 instituerunt,
1166 1921 1233 1986 sive

88 2023 343 2112 Aristophanem
372 2023 440 2088 sive
465 2023 682 2089 Callistratum
711 2025 870 2089 hocloco
897 2023 1140 2106 intelligendum
1163 2044 1234 2090 esse

90 2133 301 2211 censuerunt,
333 2147 460 2212 semper
488 2127 535 2192 ita
566 2148 632 2192 rem
663 2127 911 2211 expediverunt,
944 2134 978 2192 ut
1008 2127 1235 2209 grammaticos

91 2236 268 2312 sequentes
296 2230 382 2296 huno
405 2238 461 2296 ant
483 2230 571 2295 illum
594 2231 740 2296 colonum
763 2230 904 2296 Atticum
926 2231 959 2295 in
981 2231 1109 2314 Aegina
1131 2231 1235 2297 insula

93 2333 195 2398 fuisse
219 2339 407 2399 statuerent.
443 2334 577 2398 Constat
592 2333 677 2399 enim
694 2333 748 2416 (of.
766 2332 867 2399 Thuc.
883 2335 924 2398 II.
943 2335 996 2414 27)
1019 2333 1234 2400 Athenienses

93 2457 178 2503 anno
208 2437 271 2502 431
301 2437 470 2520 Aeginetis
504 2437 646 2521 expulsis
680 2437 816 2521 praedia
846 2437 969 2503 insulae
997 2437 1081 2503 inter
1104 2439 1233 2503 colonos

92 2541 219 2606 Atticos
253 2540 462 2624 distribuisse,
497 2541 529 2605 in
564 2560 696 2623 quorum
729 2561 859 2606 numero
888 2541 1105 2607 Callistratum
1134 2541 1233 2608 fuisse

93 2646 165 2729 ipse
200 2666 241 2710 ex
276 2645 347 2710 loco
377 2644 623 2728 Aristophaneo,
658 2645 698 2710 de
729 2664 791 2726 quo
820 2644 954 2727 agimus,
990 2652 1077 2709 certo
1106 2645 1232 2727 colligo.

95 2751 213 2814 Verum
248 2748 377 2830 quidem
405 2755 463 2832 est,
499 2748 624 2814 etiamsi
651 2748 699 2812 ita
726 2769 793 2814 rem
820 2769 854 2814 se
881 2748 1032 2814 habuisse
1056 2748 1233 2831 statuimus,

96 2853 305 2918 difficultates
335 2852 491 2935 quasdam
521 2858 673 2917 accurate
701 2858 734 2916 et
757 2850 928 2934 diligenter
949 2851 1234 2935 interpretantibus

97 2958 240 3041 obstare,
287 2977 367 3039 quas
409 2956 617 3022 difficultates
659 2955 778 3039 primus
815 2956 925 3039 palam
962 2955 1086 3020 detexit
1121 2955 1235 3020 Mdller

98 3059 347 3143 Stritbingensis.
383 3059 554 3126 Contendit
578 3059 661 3124 eninr
684 3058 737 3123 hic
759 3059 807 3124 vir
829 3059 953 3142 doctus,
977 3065 1075 3141 atque
1097 3057 1132 3121 id
1146 3065 1234 3123 recte

99 3162 236 3247 quidem,
260 3163 288 3227 si
309 3161 437 3245 Aegina
452 3162 722 3228 Lacedaemoniis
738 3182 830 3227 cessa
847 3168 941 3245 esset,
966 3163 1095 3227 colonos
1111 3161 1235 3226 Atticos

98 3267 142 3332 ad
174 3285 271 3331 unum
306 3251 415 3332 omnes
443 3266 588 3332 Athenas
621 3264 778 3331 redituros
809 3265 917 3348 fuisse,
951 3285 1056 3346 neque
1085 3285 1237 3347 umquam

98 3369 366 3436 Lacedaemoniis
399 3368 461 3434 hoc
494 3369 589 3434 modo
624 3368 809 3452 contingere
843 3368 995 3453 potuisse,
1030 3375 1065 3434 nt
1091 3367 1236 3434 hostibus

101 3476 218 3539 clarum
245 3472 333 3538 illum
361 3477 492 3557 poetam
522 3473 692 3556 eriperent.
741 3474 856 3554 Itaque
883 3471 953 3556 ipse
982 3471 1119 3536 coniecit
1141 3471 1236 3536 Calli-

100 3584 231 3644 stratum
263 3577 328 3643 iam
362 3583 438 3642 ante
466 3597 563 3659 quam
590 3575 804 3641 Athenienses
832 3575 1009 3657 Aeginetas
1039 3573 1236 3658 expulissent

102 3681 266 3767 praedium
288 3681 321 3745 in
344 3680 449 3746 insula
471 3679 633 3763 habuisse,
657 3679 744 3762 quod
764 3678 1026 3762 Lacedaemonii,
1050 3677 1077 3743 si
1092 3677 1236 3750 Athenas

102 3806 161 3850 non
189 3784 327 3867 migrare
352 3783 492 3850 animum
514 3783 701 3867 induxisset,
729 3783 853 3848 salvum
876 3782 906 3847 ei
928 3782 1142 3848 retinuissent.
1186 3783 1236 3846 In-

104 3888 231 3973 geniose
266 3893 353 3952 certe
388 3887 435 3951 vir
470 3886 582 3951 doctus
615 3886 677 3951 hoo
711 3885 909 3968 excogitavit
938 3906 1044 3968 neque
1072 3905 1148 3950 vero
1175 3885 1236 3950 sibi

103 3993 202 4076 ipsum
224 3989 420 4056 satisfecisse
441 3990 551 4073 palam
566 3989 729 4073 professus
745 3995 802 4054 est.
837 3989 908 4053 Hoo
924 3995 1041 4072 autem,
1064 3994 1100 4054 ut
1115 3988 1235 4072 opinor,

104 4094 251 4161 remansit
281 4093 311 4160 ei
334 4092 554 4176 dubitationis
583 4093 670 4176 quod
693 4092 797 4158 civem
818 4091 969 4175 Atticum,
999 4090 1124 4158 etiamsi
1147 4103 1237 4156 suum

104 4197 261 4285 proprium
282 4197 451 4282 praedium
474 4197 621 4263 amittere
644 4217 724 4281 opus
747 4196 869 4281 fuisset,
893 4202 1001 4262 tamen
1024 4195 1168 4261 Athenas
1190 4215 1237 4260 re-

106 4304 237 4370 ditmum
269 4301 367 4367 fuisse
390 4300 452 4366 sibi
474 4301 544 4385 ipse
567 4321 630 4366 non
653 4306 780 4385 poterat
803 4320 924 4383 negare
948 4305 1004 4365 aut
1027 4298 1236 4365 dissimulare.

104 4409 204 4490 Atque
234 4405 373 4472 fortasse
402 4404 437 4470 id
464 4404 568 4489 ipsum
595 4405 663 4470 fieri
691 4405 745 4472 vix
773 4404 915 4490 potuisse
939 4404 970 4469 ei
992 4403 1095 4469 visum
1117 4409 1175 4487 est,
1203 4408 1239 4469 ut

106 4512 179 4578 civis
213 4508 418 4576 Atheniensis
452 4508 534 4574 inter
567 4509 754 4593 Aeginetas,
790 4508 909 4592 quippe
944 4507 998 4590 qui
1031 4505 1239 4572 inimicissimi
