3140 5266
809 351 1019 416 -50-

346 540 511 625 ἐδιδάχθη
537 539 592 604 ἐπὶ
621 543 779 625 ἄρχοντος
806 540 960 623 Ἀμεινίου
989 539 1045 603 διὰ
1077 539 1273 615 Φιλωνίδου,
1302 538 1337 605 ἓν
1359 545 1396 628 τῇ
1420 539 1491 603 ουδ’

348 643 541 728 ὀλυμπιάδι.
591 644 740 730 δεύτερος
772 643 822 730 ἦν.
880 646 926 720 είς
958 643 1098 730 Λήναια.
1148 645 1201 707 καὶ
1234 643 1324 708 ἐνίκα
1356 649 1492 730 πρῶτος

352 749 533 834 Φιλωνίδης
554 748 729 836 Προάγωνι
741 751 776 831 ¹),
800 749 935 813 Λεύκων
959 752 1113 834 Πρέσβεσι
1135 752 1251 834 τρίτος.
1286 749 1354 814 Sed
1376 770 1492 832 quam-

347 853 396 918 vis
425 852 493 918 veri
515 852 657 938 speciem
678 852 763 918 hacc
785 853 886 918 verba
908 873 988 936 prae
1011 873 1046 918 se
1070 851 1185 936 ierant,
1214 859 1323 918 tamen
1345 874 1490 936 magnae

346 957 453 1022 insunt
482 955 698 1040 difficultates,
733 976 837 1038 neque
871 961 978 1039 potest
1013 955 1193 1022 didascalia
1228 956 1368 1040 genuina
1404 977 1489 1022 esse.

346 1059 430 1128 Nam
458 1057 486 1123 si
507 1060 594 1124 nullo
617 1059 763 1125 adhibito
785 1058 1057 1143 interpretationis
1080 1060 1265 1126 adimnento
1288 1061 1389 1127 verba
1413 1081 1490 1125 con-

346 1163 552 1247 templamur,
590 1163 794 1228 statuendum
832 1169 881 1228 est
913 1163 1115 1228 Philonidem
1149 1203 1185 1210 —
1224 1184 1318 1247 quem
1354 1171 1490 1247 poetam

346 1266 445 1333 fuisse
471 1268 588 1333 scimus
609 1305 651 1317 -
673 1267 813 1333 Lenaeis
840 1267 915 1332 anni
941 1269 1005 1334 422
1034 1274 1067 1333 et
1094 1268 1256 1352 propriam
1286 1268 1490 1334 comoediam

348 1371 541 1436 commisisse
556 1372 758 1453 Proagonem
780 1372 984 1455 palmamque
1008 1371 1071 1436 hac
1086 1372 1195 1438 tulisse
1213 1379 1245 1437 ct
1260 1371 1488 1456 Aristophanis

346 1476 473 1559 Vespas
502 1475 650 1541 docuisse
674 1474 818 1540 fabulam
840 1475 981 1542 secundo
1005 1475 1108 1560 pretio
1132 1484 1292 1560 ornatam,
1323 1476 1488 1542 Leuconis

347 1581 491 1663 Legatos
514 1579 680 1645 cecidisse.
725 1580 797 1647 Non
820 1579 935 1645 desunt
958 1580 1011 1662 qni
1034 1600 1102 1645 rem
1124 1580 1171 1645 sic
1194 1559 1357 1665 explicent
1379 1601 1487 1663 neque

347 1685 503 1768 dubitent,
532 1685 608 1767 quin
633 1683 828 1767 Philonides,
861 1684 1007 1766 quamvis
1037 1684 1200 1768 propriam
1230 1684 1433 1750 comoediam
1455 1685 1488 1748 in

347 1795 509 1854 certamen
537 1787 737 1871 commiserit,
767 1795 876 1852 tamen
898 1787 1104 1872 Aristophani
1135 1789 1233 1854 etiam
1255 1795 1322 1853 tum
1345 1788 1487 1854 officium

347 1891 585 1978 praestiterit2).
629 1891 743 1974 Neque
774 1911 850 1956 vcro
880 1912 941 1974 ego
971 1911 1064 1958 amc
1087 1891 1260 1977 impetrare
1283 1911 1424 1976 possum,
1453 1898 1488 1956 ut

346 1996 557 2080 Philonidem,
587 1995 712 2061 etiamsi
739 1995 897 2060 artissimo
920 1994 1149 2061 familiaritatis
1172 1995 1298 2061 vinculo
1322 2017 1394 2062 oum
1417 1995 1488 2061 Ari-

347 2100 505 2185 stophane
543 2099 729 2164 coniunctus
765 2085 834 2181 tuit,
872 2117 963 2163 suam
999 2098 1142 2164 fabulam
1180 2099 1345 2164 docturum
1380 2099 1488 2164 amico

347 2225 468 2270 morem
490 2204 628 2287 gessisse
651 2202 797 2286 credam3
822 2209 919 2285 atque
942 2223 982 2268 ne
1004 2203 1252 2288 Aristophanem
1276 2203 1405 2286 quidem
1429 2225 1489 2288 pu-

347 2309 484 2374 taverim
511 2308 569 2373 tali
597 2327 701 2373 rerum
732 2306 913 2372 conditione
936 2306 1096 2372 Philonidi
1119 2307 1264 2372 fabulam
1287 2307 1489 2373 committen-

348 2412 423 2477 dam
446 2411 583 2495 dedissc,
608 2431 680 2476 cum
702 2410 755 2476 hic
778 2411 897 2476 maiore
914 2410 1083 2493 diligentia
1097 2411 1129 2475 in
1145 2431 1204 2476 sua
1219 2410 1319 2495 ipsius
1335 2411 1489 2477 docenda

347 2518 399 2580 vcl
432 2515 559 2580 nescius
592 2522 625 2580 et
659 2514 777 2580 invitus
810 2534 885 2579 nsus
913 2521 1011 2598 esset,
1046 2535 1150 2596 neque
1181 2514 1303 2580 crimini
1331 2515 1487 2600 dandum,

347 2620 423 2701 quia
446 2620 539 2684 homo
562 2625 641 2684 erat.
686 2619 792 2700 Atque
816 2618 908 2685 faber
931 2626 979 2683 est
1002 2638 1080 2683 suae
1104 2618 1238 2701 quisque
1261 2618 1420 2683 fortunae.

433 2740 499 2805 Sed
522 2739 604 2804 haec
627 2739 794 2804 comoedia
817 2737 918 2823 primo
941 2739 1084 2823 praemio
1110 2746 1224 2804 omata
1248 2744 1306 2823 est,
1337 2739 1432 2822 quod,
1459 2740 1489 2804 si

347 2862 462 2906 revera
484 2841 544 2905 fuit
565 2841 752 2923 Philonidis,
781 2840 859 2906 satis
882 2841 994 2906 mirum
1017 2848 1075 2924 est,
1104 2863 1176 2906 cum
1198 2841 1392 2907 mediocrem
1415 2847 1488 2907 tarr-

347 2954 413 3009 tum
450 2944 548 3008 luisse
581 2943 783 3008 Philonidem
819 2950 949 3028 poetam
983 2965 1047 3009 non
1084 2945 1243 3010 audaciae
1281 2945 1323 3009 sit
1357 2945 1486 3030 dicere,

346 3048 484 3113 maxime
523 3067 600 3112 vero
634 3048 760 3131 Vespas
793 3046 937 3113 fabulam
970 3047 1239 3131 Aristophaneam
1272 3047 1487 3115 Philonideac

348 3153 482 3218 cessisse
505 3152 663 3218 miramur.
715 3153 820 3235 Atque
843 3151 874 3216 in
898 3151 961 3216 hac
983 3173 1017 3216 re
1041 3152 1097 3216 alii
1120 3172 1245 3234 quoque
1270 3154 1486 3238 offenderunt,

348 3257 401 3339 qui
430 3257 632 3338 Proagonem
660 3256 859 3321 comoediam
886 3255 1108 3321 Philonideam
1135 3255 1233 3320 fuisso
1263 3276 1334 3320 cum
1360 3256 1487 3322 Hillero

347 3367 379 3425 et
412 3359 541 3424 Liibkio
576 3360 790 3442 consentiunt,
825 3359 1004 3443 Vesparum
1038 3359 1180 3424 fabulam
1215 3359 1270 3423 illa
1300 3359 1489 3426 inferiorem

345 3464 522 3528 iudicatam
560 3483 630 3529 esse
668 3484 708 3527 nc
742 3461 803 3547 ipsi
841 3462 970 3544 quidem
1008 3462 1150 3527 credunt.
1211 3463 1324 3544 Itaque
1362 3463 1488 3546 primus

345 3569 536 3632 Petersenus
558 3567 591 3631 in
607 3565 766 3630 Fleckeis.
783 3566 864 3629 Ann.
882 3567 932 3631 85.
955 3587 1029 3650 pag.
1047 3567 1110 3632 662
1135 3586 1205 3630 cum
1222 3566 1487 3647 Kannegiessero

346 3659 419 3753 (llb.
448 3672 477 3735 d.
503 3672 568 3736 alte
591 3671 675 3734 kom.
699 3668 822 3752 thne,
850 3690 926 3752 pag.
951 3672 1026 3750 270)
1055 3669 1255 3735 didascalice
1283 3669 1361 3732 illud
1390 3670 1421 3750 β’
1445 3655 1489 3753 ἦν

345 3774 481 3838 mutavit
508 3775 541 3837 in
568 3775 628 3835 ἔτει
648 3772 679 3854 β’
702 3778 735 3836 ct
765 3777 840 3836 ante
864 3792 992 3832 Λεγκωυ
1016 3772 1175 3856 syllabam
1197 3793 1256 3832 ner
1280 3771 1488 3838 decurtatam

346 3876 504 3942 excidisse
527 3876 597 3960 ipse
620 3875 771 3957 coniecit,
796 3895 872 3957 ergo
889 3873 1016 3958 scripsit
1033 3881 1065 3939 et
1080 3875 1276 3960 interpunxit
1292 3876 1354 3940 hoc
1368 3877 1485 3943 modo:

344 3980 508 4063 ἐδιδάχθη
536 3979 591 4041 ἐπὶ
619 3979 776 4064 ἄρχοντος
798 3979 951 4060 Ἀμεινίου
982 3976 1050 4062 [διὰ
1076 3977 1269 4063 Φιλωνίδου]
1299 3977 1334 4042 ἐν
1355 3983 1393 4066 τῇ
1416 3983 1486 4043 ουδ’

416 4219 435 4288 ¹)
455 4219 593 4275 Praefero
614 4221 746 4290 Προάγωνι
765 4219 834 4288 (non
848 4217 1002 4290 llpoayo‘v),
1022 4219 1070 4289 qui
1089 4225 1226 4274 accentus
1244 4221 1384 4289 probatur
1403 4225 1489 4277 testi·

345 4307 447 4359 moniis
465 4305 624 4359 Herodiani
644 4307 665 4359 I.
685 4307 765 4372 24,1;
786 4305 823 4358 ΙΙ.
847 4306 931 4373 729,7
950 4310 980 4359 et
998 4305 1118 4358 Arcadii
1136 4323 1164 4375 p.
1186 4307 1225 4374 10,
1236 4307 1276 4360 20.

413 4409 670 4478 ²)P1op0sucrnnt
694 4409 767 4462 hanc
792 4409 962 4462 sententiam
982 4409 1013 4462 Ε.
1034 4409 1127 4464 Hiller
1149 4411 1178 4462 in
1198 4410 1321 4465 Homnae
1340 4412 1397 4467 vol.
1417 4413 1489 4470 Vll.

344 4512 371 4566 p.
390 4496 441 4549 404
459 4503 489 4549 et
507 4495 543 4548 H.
562 4495 665 4549 Liibke
685 4497 713 4547 in
733 4495 808 4549 obss.
827 4495 889 4548 crit.
908 4513 935 4564 p.
949 4495 990 4549 50.
