3140 5266
463 346 755 412 v-os-

77 537 249 620 sententia,
279 557 349 602 cum
378 543 450 620 post
479 555 621 621 pugnam
649 535 693 601 ad
715 536 824 620 Aegos
852 535 987 600 Flumen
1015 533 1215 600 commissam
1315 583 1319 588 -

77 648 187 707 tantus
201 640 442 708 Atheniensium
465 641 562 708 ardor
583 640 638 706 vix
660 647 754 724 esset,
779 646 814 706 ut
835 640 979 706 fabulam
1000 645 1215 726 reposcerent.

76 747 162 812 Nam
196 745 396 812 comoediam
429 745 551 811 eisdem
580 744 721 811 Lenaeis
748 743 897 810 iteratam
926 764 1006 828 esse,
1038 743 1124 828 quod
1147 743 1218 826 quis

76 849 216 916 fortasse
244 849 401 934 suspicari
431 855 547 935 potest,
576 849 631 914 vix
659 855 708 914 est
731 847 901 932 credibilc3
931 869 1030 930 quare
1054 847 1218 933 Dionysiis

76 953 206 1036 magnis
227 953 263 1018 id
284 953 405 1020 factum
427 973 498 1020 esse
522 975 580 1038 pro
603 959 691 1019 certo
714 953 829 1018 habeo.

164 1059 210 1124 At
239 1058 271 1122 in
300 1059 403 1124 altera
430 1058 619 1142 quaestione
649 1057 858 1124 diiudicanda
880 1057 971 1123 iuvat
992 1077 1051 1124 nos
1074 1056 1219 1139 aliquan:

77 1170 145 1228 tum
168 1160 265 1228 Vitae
288 1162 432 1247 scriptor.
478 1161 686 1229 Sciscitamur
709 1162 803 1246 enim,
826 1169 931 1227 unum
953 1161 1068 1226 iterum
1091 1179 1218 1244 quoque

76 1266 266 1332 Philonides
300 1267 429 1332 chorum
462 1265 624 1332 induxerit
657 1287 700 1332 an
729 1265 971 1350 Aristophanes.
1021 1266 1128 1347 Atque
1157 1283 1219 1346 ego

79 1370 222 1454 quidem,
261 1391 332 1436 cum
366 1369 482 1438 docere
516 1370 581 1436 iam
614 1370 693 1436 nihil
726 1390 807 1453 opus
841 1375 936 1452 essct,
971 1367 1220 1452 Aristophanem

79 1475 200 1558 cogito,
225 1495 320 1557 quem
342 1475 506 1559 scripsisse
529 1473 614 1540 hanc
637 1475 755 1540 bellam
775 1473 974 1539 comoediam
990 1471 1117 1538 interim
1133 1471 1220 1536 cives

78 1578 284 1661 audiverant,
308 1583 341 1643 ct
363 1578 396 1643 in
418 1579 480 1644 hac
496 1599 540 1662 re,
565 1583 599 1643 ut
614 1577 691 1659 dixi,
716 1577 906 1642 adiuvamur
922 1576 1016 1641 Vitae
1032 1575 1081 1640 his
1099 1574 1219 1640 verbis:

79 1789 116 1859 ὃς
147 1785 333 1868 νενόμισται
362 1785 506 1869 ἰσότιμος
532 1789 640 1872 χρυσῷ
667 1785 828 1870 στεφάνῳ,
858 1784 962 1848 εἰπών
990 1782 1093 1848 ἐκεῖνα
1119 1782 1160 1845 τὰ
1187 1781 1222 1846 ἐν

79 1899 149 1964 τοῖς
172 1889 358 1976 Βατράχοις
381 1890 455 1975 περὶ
477 1895 542 1954 τῶν
564 1890 702 1972 ἀτίμων·

205 1993 262 2056 τὸν
283 1990 369 2078 ἱερὸν
390 1995 490 2080 χορὸν
513 1993 640 2058 δίκαιον
663 1991 773 2057 πολλὰ
794 1991 916 2078 χρηστὰ
937 1995 974 2080 τῇ
997 1990 1091 2055 πόλει

205 2101 449 2184 ξυμπαραινεῖν.

80 2201 167 2268 Huic
194 2201 374 2268 testimonio
403 2202 490 2286 quod
515 2201 611 2268 tidem
638 2222 701 2267 non
728 2201 905 2266 habeamus
933 2199 1011 2264 nihil
1034 2205 1093 2282 est,
1122 2219 1222 2282 quare

81 2307 197 2371 iterum
221 2305 264 2372 ab
284 2304 498 2392 Aristophane
522 2307 592 2391 ipso
616 2305 747 2371 chorum
768 2304 933 2370 inductum
956 2323 1027 2369 esse
1050 2303 1099 2368 his
1115 2302 1222 2369 verbis

81 2409 214 2494 probari
238 2410 377 2477 videtur:
402 2433 477 2476 narn
500 2432 609 2476 coram
631 2408 868 2495 spectatoribus
891 2406 1036 2474 omnibus
1052 2406 1085 2472 in
1101 2427 1221 2473 scaena

82 2521 214 2598 poetam
241 2513 367 2598 patriae
395 2514 648 2581 amantissimum
675 2533 789 2580 sacrae
820 2515 912 2580 oleae
935 2534 1054 2579 corona
1077 2517 1222 2577 ornatum
1303 2527 1332 2598 j

83 2638 155 2684 csse
180 2624 430 2686 consentaneum
453 2625 510 2685 est.

171 2723 296 2807 Restat,
320 2730 355 2790 ut
378 2724 417 2790 de
434 2724 547 2809 paucis
563 2723 743 2790 actionibus
760 2742 856 2804 quam
872 2720 1059 2786 brevissime
1076 2739 1220 2802 agamus.

83 2828 182 2894 Nulla
212 2826 297 2894 enim
324 2828 620 2895 Eeclesiazusarum
646 2827 828 2894 didascalia
856 2825 897 2892 dc
920 2825 1012 2891 huius
1036 2825 1223 2891 comoediae

85 2930 308 2998 commissione
333 2932 492 2998 docemur.
523 2934 630 3016 Atque
653 2932 680 2997 si
703 2930 898 2996 scholiastae
922 2929 965 2995 ad
985 2949 1031 2994 vs.
1050 2929 1111 2994 193
1127 2927 1224 2994 fidem

84 3037 259 3102 habemus:
294 3038 367 3122 aspi
401 3036 437 3100 dd
471 3041 530 3101 τοῦ
564 3040 768 3119 συμμαχικοῦ
801 3033 982 3119 Φιλόχορος
1011 3031 1140 3118 ἱστορεῖ,
1176 3035 1225 3096 dot

85 3141 153 3227 πρὸ
182 3139 244 3204 drio
271 3140 351 3206 ἑτῶν
372 3139 494 3218 ἐγένετο
519 3143 685 3222 συμμαχία
708 3137 978 3219 Λακεδαιμονίων
1006 3137 1092 3220 (lege
1114 3137 1222 3219 Ἀθη-

87 3249 201 3326 ναίων)
230 3245 283 3308 καὶ
313 3248 481 3319 Βοιωτῶν,
511 3245 608 3310 docta
637 3249 686 3309 est
709 3242 821 3308 fabula
844 3262 929 3306 anno
952 3241 1024 3323 392,
1055 3240 1140 3322 quod
1164 3239 1224 3323 pri-

86 3370 157 3414 mus
186 3349 297 3414 statuit
324 3348 494 3414 Samuclus
515 3347 639 3413 Petitns
667 3353 765 3430 atquc
792 3347 961 3431 Drcyseno
988 3343 1125 3426 aliisque
1155 3364 1225 3427 per·
1292 3427 1295 3432 Ι

86 3453 199 3520 suasit.
229 3453 293 3518 Alii
316 3453 414 3518 alium
436 3473 554 3517 annum
576 3452 694 3516 rectius
718 3450 837 3516 eruisse
860 3449 922 3516 sibi
945 3448 1093 3514 videntur
1116 3447 1223 3513 conlisi

87 3557 222 3642 caussis,
260 3577 341 3640 quas
374 3557 482 3640 plures
516 3577 557 3620 cx
589 3555 663 3639 ipsa
697 3554 865 3620 comoedia
899 3552 1090 3636 petiverunt,
1129 3550 1227 3616 veluti

88 3665 172 3729 thz
200 3662 232 3726 in
255 3662 326 3726 Act.
351 3682 415 3726 soc.
440 3659 516 3745 phil.
540 3660 628 3744 Lips.
652 3659 693 3726 II.
718 3680 747 3724 a.
766 3659 849 3724 1874
872 3677 989 3722 annum
1013 3657 1076 3723 389
1106 3655 1226 3736 statuit,

87 3788 187 3850 quam
210 3785 319 3830 veram
342 3785 413 3830 esse
430 3763 642 3848 suspicionem
658 3784 696 3828 co
712 3762 816 3846 magis
832 3760 966 3846 putavit,
992 3759 1077 3844 quod
1093 3766 1227 3842 utroque

87 3891 184 3953 anno,
209 3876 242 3934 et
264 3869 326 3934 392
350 3874 382 3932 et
405 3868 477 3950 389,
502 3868 724 3932 Demostratus
746 3865 807 3930 suit
827 3864 972 3931 archonti
988 3883 1120 3946 nomen,
1148 3864 1227 3928 Iulio

89 3973 213 4038 Beloch
236 3971 314 4053 (Art.
338 3971 405 4037 Pol.
430 3968 493 4035 seit
513 3967 668 4034 Periklcs.
693 3968 782 4052 Lips.
802 3969 894 4034 1884.
919 3988 995 4052 pag.
1013 3967 1088 4047 357)
1113 3966 1229 4051 proba-

89 4075 185 4141 bilior
207 4075 295 4140 visus
318 4080 367 4140 cst
390 4093 491 4140 annus
506 4073 579 4157 390,
603 4078 638 4137 at
653 4093 693 4137 ne
709 4071 888 4138 thnianae
905 4070 1034 4154 quidem
1050 4069 1228 4135 sententiaa

89 4161 354 4265 probabilitatem
370 4177 548 4260 derogavit.
577 4178 646 4241 Iam
662 4197 703 4242 ex
717 4175 777 4260 his,
802 4195 885 4259 quac
902 4173 1048 4257 diximus,
1066 4173 1229 4255 cognosci-

12 4339 13 4350 ,
90 4289 153 4366 tur,
178 4281 337 4365 quamsit
361 4280 507 4365 quaestio
530 4279 696 4365 implicata
720 4285 752 4346 et
775 4278 924 4363 ditiicilis,
949 4283 1146 4364 quapropter
1168 4278 1230 4342 hoc

12 4413 13 4438 ι
90 4388 165 4450 loco
196 4406 268 4451 eam
297 4383 475 4450 diiudicare
498 4405 560 4449 non
583 4384 698 4450 audeo,
745 4382 822 4460 Quis
845 4382 989 4450 fabulam
1011 4381 1044 4446 in
1067 4386 1229 4448 certamen

12 4491 13 4554 ἶ
93 4488 297 4572 commiserit,
321 4488 353 4554 in
375 4489 473 4558 dubio
496 4488 738 4572 relinquendum
761 4494 819 4555 cst.

147 4599 241 4654 Brisl‚
260 4601 295 4646 Dc
308 4599 443 4648 Callistrato
457 4606 480 4646 et
493 4599 623 4646 Philonide.
1009 4590 1025 4644 5
