3140 5266
580 385 788 449 ..13-

106 573 222 640 facere
244 572 341 639 valde
363 573 559 640 miraremur.
604 574 720 655 Itaque
744 594 784 638 ex
806 572 856 638 his
879 571 1024 637 versibus
1046 591 1179 638 necesse
1203 577 1252 636 est

108 678 301 760 colligamus
329 683 459 761 poetam
486 676 744 762 Aristophanem,
776 696 847 742 cum
870 675 1113 741 Daetalensium
1141 675 1252 740 fabula

109 788 275 864 ageretur,
299 781 397 864 plane
420 781 563 862 ignotum
586 779 694 845 fuisse.

199 885 317 950 Verum
347 884 482 948 alterum
515 889 621 949 exstat
654 883 754 968 ipsius
783 882 1006 968 Aristophanis
1039 882 1253 948 testimonium

108 990 212 1054 multo
235 988 333 1053 etiam
355 987 496 1071 gravina,
521 1006 583 1069 qno
604 1007 713 1052 omnes
729 986 946 1053 dubitationes
961 987 1131 1071 pelluntur,
1155 987 1251 1070 Vesp.

110 1113 160 1158 vs.
187 1093 270 1158 1017
295 1110 381 1174 sqq:
920 1097 922 1103 '

246 1195 435 1258 ἀδικεῖσθαι
463 1195 523 1282 γάρ
552 1212 651 1280 φησιν
680 1194 837 1282 πρότερος
866 1193 960 1258 πόλλ’
990 1194 1110 1268 αὐτούς
1131 1193 1166 1258 εὖ
1190 1215 1252 1256 πε-

942 1297 1097 1382 ποιηκῶς,

243 1404 284 1467 τὰ
311 1404 370 1486 μὲν
397 1403 436 1468 οδ
465 1407 624 1490 φανερῶς,
651 1402 721 1465 ἀλλ’
745 1400 927 1489 ἐπικουρῶν
953 1400 1095 1486 κρύβδην
1117 1399 1252 1489 ἑτέροισι

946 1515 1109 1590 ποιηταῖς,

245 1611 465 1695 μιμησάμενος
488 1610 545 1696 τὴν
565 1609 762 1696 Εὐρυκλέους
784 1613 939 1692 μαντείαν
961 1609 1013 1672 καὶ
1038 1608 1202 1684 διάνοιαν,

115 1716 211 1780 1020.
246 1716 291 1789 εἷς
313 1714 484 1800 ἀλλοτρίας
504 1717 660 1797 γαστέρας
674 1712 770 1787 ἐνδὺς
784 1712 958 1796 κωμῳδικὰ
973 1712 1083 1776 πολλὰ
1096 1716 1253 1794 χέασθαι·

245 1819 326 1901 μετὰ
360 1823 457 1883 τοῦτο
496 1817 531 1880 δὲ
568 1819 632 1880 καὶ·
655 1821 802 1903 φανερῶς
837 1816 900 1902 ἥδη
937 1816 1135 1881 κινδυνεύων
1172 1818 1250 1879 καθ’

944 1919 1071 2001 ἑαυτόν,

248 2026 306 2089 oria
339 2025 529 2110 ἀλλοτρίων,
563 2023 632 2087 ἀλλ’
663 2025 788 2088 οἰκείων
816 2029 963 2088 Μουσῶν
991 2023 1132 2107 στόμαθ’
1160 2023 1252 2109 ἡνιο-

874 2197 875 2201 ,
943 2127 1053 2214 νήσας·
1275 2199 1277 2205 .

203 2231 254 2297 De
277 2232 326 2297 his
349 2233 493 2300 versibus
517 2232 594 2316 qnid
616 2232 802 2316 indicemus,
826 2234 940 2317 page
963 2252 1031 2314 sqq.
1056 2230 1176 2313 liquide
1200 2251 1253 2295 ex-

115 2335 289 2419 posuimus.
335 2337 449 2418 ltaque
479 2357 551 2402 enm
578 2336 733 2402 hocloco
756 2341 854 2421 poeta
877 2357 940 2400 non
962 2357 1057 2400 unam
1080 2335 1254 2400 Dactalen-

116 2439 199 2504 sium
228 2440 381 2524 fabulam,
410 2441 468 2505 sed
498 2461 607 2506 omnes
634 2445 709 2506 ante
732 2439 866 2521 Equites
894 2439 999 2505 alieno
1022 2438 1148 2504 nomine
1171 2459 1254 2504 com-

115 2544 232 2610 missas
253 2545 441 2628 respexerit,
465 2551 602 2629 apparet
625 2545 677 2610 vel
700 2544 842 2626 seqnitur
864 2543 1047 2610 necessario
1070 2544 1130 2608 has
1145 2563 1254 2608 omnes

116 2653 210 2713 aetas
238 2667 318 2731 esse,
348 2669 420 2712 cnm
447 2669 562 2714 nomen
589 2647 656 2713 veri
683 2654 801 2732 poetae
823 2647 963 2712 nondum
985 2649 1151 2730 vulgatum
1174 2653 1253 2712 erat.

116 2751 224 2816 Aliam
239 2751 534 2836 interpretationem
548 2752 716 2835 imagines,
741 2751 854 2834 quibus
869 2757 968 2836 poeta
983 2771 1057 2816 usius
1073 2757 1131 2834 est,
1154 2751 1255 2815 verba

115 2855 173 2920 illa
204 2855 242 2918 od
271 2858 418 2939 φανερῶς
446 2861 478 2920 et
504 2854 687 2939 ἐπικουρῶν
715 2854 869 2939 κρύβδην,
898 2855 1036 2936 denique
1065 2853 1162 2918 totins
1192 2853 1255 2917 loci

114 2958 201 3023 ratio
224 2965 321 3040 atque
345 2966 436 3024 tenor
457 2960 543 3022 nullo
567 2959 661 3024 modo
685 2979 812 3042 prorsus
835 2957 1015 3023 admittunt.
1069 2957 1159 3034 Quae
1184 2977 1255 3021 cnm

114 3063 165 3127 ita
188 3062 260 3146 sint,
277 3062 494 3128 Callistratum
514 3062 640 3127 illarum
655 3061 878 3146 Aristophanis
895 3061 1131 3128 comoediarum
1147 3066 1255 3126 ancto-

114 3187 186 3232 rem
209 3164 423 3231 existimatum
445 3185 516 3232 esse
540 3172 686 3250 apparet.

206 3269 272 3334 Sed
295 3269 392 3334 etiam
415 3265 488 3353 post
510 3268 644 3351 Equites
659 3268 891 3352 Aristophanes
913 3269 1058 3334 laborem
1073 3267 1256 3334 scaenicum

115 3393 220 3455 saepe
243 3372 275 3436 in
298 3372 378 3438 alios
401 3371 535 3436 contulit
557 3393 662 3454 neque
678 3371 862 3437 Callistrato
885 3377 941 3437 aut
957 3371 1116 3436 Philonidi
1132 3392 1255 3436 comoe-

115 3477 191 3542 dias
214 3476 331 3541 cedere
354 3475 457 3541 desiit
488 3476 716 3541 Putabimusne
741 3476 907 3541 etiamtum
926 3476 984 3540 hos
1000 3496 1093 3540 veros
1108 3482 1256 3540 auctores

115 3579 248 3643 habitos
271 3581 364 3644 esse?
400 3578 559 3662 Equidem
588 3599 781 3661 quamquam
804 3578 973 3664 plerosque
997 3578 1090 3643 aliter
1112 3577 1255 3643 indicare

115 3681 197 3766 scio,
213 3687 380 3764 utrumque
396 3682 428 3746 in
444 3682 580 3766 theatro,
606 3682 708 3748 donec
725 3683 892 3748 comoedia
911 3683 1079 3766 agebatur,
1103 3703 1124 3746 a
1139 3684 1256 3766 populo

115 3807 230 3852 verum
258 3785 389 3851 fabulae
418 3792 548 3871 poetam
576 3806 702 3871 semper
731 3785 945 3851 existimatum
975 3806 1045 3851 esse
1069 3805 1256 3870 persuasum

115 3890 236 3956 habeo,
281 3891 354 3957 Non
388 3889 485 3972 igitur
518 3910 575 3955 eas
605 3890 742 3973 fabulae,
778 3911 861 3972 qnae
891 3895 965 3954 ante
989 3889 1123 3971 Equites
1150 3889 1255 3954 alieno

114 3994 246 4060 nomine
275 4001 369 4059 actae
393 4001 474 4077 sunt,
504 3996 546 4060 ab
575 3994 622 4060 eis
644 4015 786 4078 secerno,
816 4014 899 4076 quae
930 3999 1045 4077 postea
1068 3993 1255 4058 commissae

114 4105 194 4164 sunt
225 4099 267 4163 ab
301 4097 382 4163 aliis.
428 4097 522 4174 Quod
555 4104 590 4163 nt
621 4103 710 4164 recte
738 4117 877 4179 vereque
909 4096 1116 4179 intelligatur,
1150 4096 1183 4159 in
1205 4114 1257 4160 res

115 4201 289 4269 scaenicas
310 4202 419 4285 paullo
443 4201 625 4266 accuratius
648 4201 852 4284 inquiramus.

205 4304 389 4388 Antiquitus
423 4325 490 4370 mos
524 4305 583 4370 init
611 4303 746 4370 Athenis
780 4306 821 4370 ab
849 4304 919 4388 ipso
947 4310 1045 4388 poeta
1073 4302 1203 4367 chorum
1225 4301 1257 4365 in

116 4409 317 4476 orchestram
339 4408 463 4492 induci3
486 4414 685 4493 spectatores
708 4415 826 4492 poetae
845 4427 960 4472 nomen
976 4406 1162 4490 audiebant,
1187 4427 1257 4471 cnm

116 4535 241 4598 praeco
262 4533 382 4595 magna
397 4532 477 4579 voce
494 4518 624 4598 poetam
639 4511 791 4578 inducere
808 4511 955 4576 iubebat:
979 4499 1098 4590 εἴσαγε,
1115 4509 1139 4571 oi
1157 4509 1256 4589 detra,
