3140 5266
17 555 251 630 innectens
274 561 574 647 pronuntiabantur,
598 563 774 630 Callistrati
796 561 922 628 nomine
939 563 1079 630 dicenda
1094 570 1209 630 essent.

17 635 19 716 ι
82 665 189 747 ltaque
229 687 270 732 ex
303 666 365 734 hoc
398 668 470 734 loco
503 667 685 734 necessario
719 667 875 752 aequitum,
913 675 949 734 ut
981 669 1067 734 Αιιιι
1054 668 1213 754 tophanes

81 769 225 851 Equitum
260 791 387 854 quoque
421 771 565 838 fabulam
595 772 760 838 Callistt
695 779 779 839 trato
811 772 990 838 docendam
1021 774 1188 840 tradere
1180 795 1211 838 ιιι

81 873 180 941 animo
204 874 363 942 habuerit.
402 875 514 942 Callist
501 881 603 942 tratus
626 897 713 960 vero,
737 876 792 941 ubi
815 876 856 942 de
879 896 1002 942 summa
1025 879 1212 947 comoediae

17 1019 18 1072 η
81 977 191 1042 certior
227 978 334 1044 faetus
371 984 421 1044 ιιι
460 978 592 1062 eiusque
630 978 841 1045 acerbitatem
875 980 1014 1062 legendo
1052 985 1213 1069 cognovit,

17 959 19 1000 ι

80 1101 196 1146 memor
225 1080 423 1165 iniuriarum,
459 1102 540 1165 quas
569 1089 701 1168 propter
727 1083 924 1168 Babylonios
953 1085 1052 1152 Cleon
1079 1087 1112 1152 in
1141 1109 1213 1154 eum

80 1182 241 1268 iniecerat,
270 1191 395 1252 tantum
418 1185 594 1270 periculum
616 1185 723 1252 subire
746 1186 834 1252 haud
857 1187 954 1253 dubie
977 1197 1132 1271 gravatus
1155 1201 1214 1259 est.

81 1287 216 1354 Coactus
238 1287 301 1355 hac
319 1288 549 1356 retractatione
566 1295 599 1356 ιι
612 1289 778 1374 perpetuis
793 1290 966 1356 amicorum
981 1292 1215 1364 hortationibus
1264 1341 1265 1344 =

81 1400 253 1460 commotus
280 1393 346 1460 iam
375 1413 432 1461 suo
454 1393 582 1460 nomine
605 1393 690 1460 hanc
713 1393 857 1460 fabulam
880 1394 958 1462 dare
981 1397 1215 1484 Aristophanes

17 1483 18 1486 ¹
80 1496 216 1562 animum
241 1496 376 1562 induxit.

158 1601 198 1665 In
214 1599 368 1684 parabasi
383 1621 446 1666 non
462 1605 511 1666 est
526 1600 763 1686 offendendum,
780 1602 807 1667 si
822 1601 905 1669 forte
922 1603 993 1686 quis
1005 1605 1067 1672 hac
1079 1607 1126 1673 uti
1137 1609 1214 1675 velit

79 1703 118 1768 ad
139 1704 347 1770 refutandam
368 1704 570 1788 sententiam,
594 1725 690 1788 quam
710 1706 924 1790 exposuimus.
954 1709 1038 1775 Nam
1053 1710 1216 1779 Callistra-

79 1814 140 1872 tum
162 1807 310 1874 fahulam
331 1807 397 1872 iam
417 1806 529 1872 rudem
544 1814 577 1874 et
592 1807 815 1893 imperfectam
830 1809 949 1892 legisse
965 1821 1215 1882 consentaneum

80 1918 134 1978 est.
165 1913 282 1994 Itaque
298 1910 540 1995 Aristophanes,
564 1917 736 1995 postquam
755 1912 808 1977 ille
831 1914 1030 1982 comoediam
1051 1938 1085 1984 se
1107 1920 1215 1988 doetu-

17 2001 19 2068 ι
80 2036 144 2080 rum
166 2015 310 2100 negavit,
333 2014 509 2099 parabasin
532 2015 719 2101 composuit,
744 2017 872 2100 qualem
894 2018 1039 2102 legimus.

162 2121 278 2201 Neque
307 2139 384 2186 vero
413 2123 544 2203 poetam
573 2119 676 2203 ipsum
699 2121 827 2187 Cleonis
849 2129 959 2204 partes
982 2123 1088 2206 egisse
1111 2129 1217 2210 putari

81 2223 163 2290 licet.
209 2224 295 2292 Nam
318 2222 406 2306 quod
428 2243 470 2288 ex
492 2242 538 2289 vs.
563 2223 628 2289 230
650 2243 736 2307 sqq:

255 2325 308 2390 καὶ
331 2326 374 2411 μη
397 2324 525 2390 δέδιθ’·
554 2326 594 2390 od
616 2325 678 2412 γάρ
700 2325 786 2390 ἐστιν
808 2325 1028 2412 ἐξῃκασμένος.

254 2427 323 2494 ὑπὸ
345 2433 404 2494 τοῦ
428 2428 523 2504 δέους
545 2429 607 2514 γὰρ
629 2429 732 2510 αὐτὸν
755 2429 982 2520 οὐδιιςιῆθιλε

256 2536 321 2596 τῶν
343 2535 545 2598 σκευοποιῶν
566 2531 702 2596 ιικάσαι.
739 2532 873 2608 πάντως
896 2557 931 2613 γι
952 2535 1016 2619 μὴν

258 2636 499 2721 γνωσθήσεται·
527 2636 564 2699 τὸ
587 2635 648 2722 γὰρ
672 2639 816 2723 θέατρον
839 2636 946 2714 δεξιόν

17 2761 18 2816 ι
81 2739 282 2823 grammatici
306 2741 504 2823 collegerunt
529 2739 656 2806 fabrum
679 2760 887 2824 personarum
909 2741 1067 2808 neminem
1092 2744 1219 2809 Cleonis

17 2833 19 2958 ᾗ
81 2866 252 2928 personam
279 2843 437 2911 conficere
465 2864 570 2927 neque
594 2864 788 2927 quemquam
810 2843 995 2910 histrionem
1018 2852 1127 2936 partes
1150 2847 1218 2913 eius
1306 2928 1312 2942 ι

17 3019 18 3022 ,
81 2950 244 3035 suscipere
268 2969 381 3015 ausum
403 2967 484 3033 esse,
509 2967 609 3030 quare
624 2947 712 3013 Arist
699 2947 904 3032 tophanem
896 2967 1000 3033 rpsum
1016 2969 1071 3015 ore
1086 2950 1218 3016 miniato

17 3071 19 3102 ι
81 3061 135 3118 ιιι
163 3053 258 3120 ιιιιι
281 3052 363 3118 illito
385 3052 445 3118 has
467 3056 576 3134 partes
600 3071 700 3134 agere
724 3056 872 3116 coactum
894 3071 975 3136 esse,
1004 3051 1149 3137 ineptum
1171 3061 1220 3119 ιιι

17 3145 18 3232 3
81 3158 145 3223 olet
131 3163 210 3240 tque
233 3154 427 3240 sapientiam
449 3153 685 3220 scholasticam.
724 3155 831 3220 Annot
818 3154 900 3220 tavit
923 3153 1008 3221 enim
1030 3156 1183 3222 scholiast
1170 3164 1220 3224 ιιι

17 3239 19 3290 ι
81 3261 121 3326 ad
152 3280 199 3326 ιι.
225 3259 289 3326 230
310 3258 407 3324 haec:
443 3257 501 3322 οὐκ
527 3259 611 3337 ιιχιν
641 3257 745 3322 αὐτοῦ
774 3269 984 3344 προσωπείου
1011 3258 1068 3322 διὰ
1095 3260 1132 3322 τὸ
1162 3260 1218 3324 ιιι-

17 3365 18 3370 ’
82 3363 226 3430 δοικέναι
257 3363 332 3436 τούς
361 3363 574 3436 σκευοποιοὺς
596 3361 649 3424 και
672 3361 715 3446 μη
738 3360 848 3426 θέλειν
869 3363 946 3447 μητε
969 3362 1123 3428 πλάττειν
1144 3364 1221 3450 μήτε

17 3491 18 3500 ’
81 3467 287 3553 σχηματίζειν
316 3466 374 3551 τὴν
400 3467 483 3552 ὄψιν
509 3469 568 3530 τοῦ
591 3465 747 3540 Κλέωνος.
795 3465 879 3546 λέγει
901 3467 977 3542 οὖν,
1008 3470 1057 3529 ὅτι
1084 3467 1225 3552 μηδενὸς

81 3571 289 3645 ὑποστάντος
318 3569 420 3634 αὐτὸν
446 3568 683 3655 ὑποκρίνεσθαι
711 3568 809 3642 αὐτὸς
836 3568 854 3630 ὁ·
881 3568 1126 3654 Ἀριστοφάνης
1146 3571 1223 3653 μιλ-

81 3677 187 3750 τώσας
217 3673 334 3738 ἑαυτὸν
362 3672 570 3758 ὑπεκρίνατο,
601 3675 620 3756 ἢ
642 3676 679 3758 τῇ
700 3674 814 3758 τρυγίᾳ
838 3675 951 3757 χρίσας
972 3670 1104 3758 ἑαυτόν;
1136 3681 1169 3740 ιι
1190 3675 1224 3740 in
1312 3676 1315 3681 ’

82 3800 151 3863 arg.
176 3779 209 3843 Π
231 3776 383 3860 legimus:
419 3823 485 3839 ...
512 3775 757 3861 Ἀριστοφάνης
783 3779 917 3860 καθίησι
940 3777 976 3840 τὸ
999 3782 1063 3842 τῶν
1084 3777 1225 3843 Ἱππέων

17 3919 18 3924 1
81 3883 192 3970 δράμοι
220 3879 268 3944 δι’
297 3879 409 3964 αὑτοῦ,
437 3879 508 3942 ἐπεὶ
538 3902 602 3943 των
631 3883 833 3944 σκευοποιῶν
862 3880 968 3954 ουδεὶς
998 3880 1165 3946 ιπλάσατο
1187 3884 1224 3945 τὸ

17 4043 18 4046 ,
82 3991 142 4051 τοῦ
164 3984 313 4058 Κλέωνος
343 3983 526 4069 πρόσωπον
554 3981 610 4046 διὰ
632 3983 802 4068 φόβονιι
803 3989 879 4066 tque
903 3983 1018 4049 similia
1042 3991 1169 4052 exstant
1192 3987 1224 4049 in

83 4090 169 4156 Vita
217 4087 280 4165 Qui
301 4086 351 4152 his
373 4087 471 4153 fidem
492 4085 643 4170 tribuunt,
621 4092 800 4152 ttacteau
786 4086 930 4152 tmalim
953 4087 1074 4154 detaut
1074 4088 1150 4171 iqua
1174 4109 1224 4155 oc·

82 4192 223 4260 moedia.
269 4191 359 4258 Bene
381 4189 558 4256 Kockius
549 4212 582 4254 m
605 4137 681 4255 edit
659 4195 745 4255 tione
769 4189 813 4254 ad
835 4209 881 4255 vs
898 4191 975 4255 230:
1013 4192 1098 4276 hus
1119 4192 1225 4257 dieser

84 4299 197 4384 Stella,
228 4295 341 4380 inquit,
369 4294 410 4362 ist
439 4293 545 4361 nichts
573 4314 611 4358 zu
639 4293 821 4378 schliefsen‚
852 4295 900 4358 als
925 4293 1000 4359 dass
1013 4241 1081 4360 „der
1104 4294 1225 4361 Sohau-

17 4437 18 4440 π
84 4401 215 4486 spieler,
245 4399 303 4465 der
326 4397 389 4482 den
412 4397 518 4464 Kleon
541 4396 667 4481 spielte,
694 4395 791 4462 keine
814 4396 1088 4481 portratahnliohe
1110 4399 1224 4464 Maske

84 4505 190 4589 trug.“
248 4502 349 4587 Apte,
371 4507 425 4594 ut
458 4500 601 4597 opinor,¹
626 4505 724 4584 poeta
764 4500 848 4566 haec
880 4501 981 4593 verba
1014 4500 1055 4566 de
1089 4521 1226 4585 persona
