3140 5266
802 309 1013 372 ,42-

345 495 452 562 omnia
472 517 500 564 ¹a
530 495 703 562 comoediis
727 503 893 581 poetarum
919 497 1114 564 aemulorum
1137 497 1293 581 originem
1314 499 1489 565 traxerint.

345 599 471 664 Posteri
503 619 594 684 vero,
630 620 694 682 qua
732 607 824 666 erant
856 600 990 667 levitate
1024 606 1056 666 et
1089 599 1271 668 temeritate
1304 599 1490 686 indicandi,

346 702 445 767 talem
473 721 620 768 caussam
649 723 669 768 a
693 702 812 770 Oleoue
836 722 951 770 revera
973 703 1129 769 intentam
1152 723 1223 770 esse
1245 703 1314 770 sine
1336 705 1403 770 ulla
1428 705 1490 771 du·

346 804 501 871 bitatione
532 805 745 872 crediderunt.
798 806 903 889 Atque
934 806 1034 890 ipsius
1061 812 1178 892 poetae
1209 807 1402 874 auctoritate
1426 807 1491 874 niti

346 927 381 972 se
409 927 503 991 posse
532 909 669 976 fortasse
700 908 847 976 arbitrati
876 915 959 994 sunt,
989 931 1061 976 oum
1082 911 1179 995 Vesp.
1206 929 1253 976 vs.
1279 911 1341 976 718
1362 911 1490 978 Aristo-

346 1011 485 1096 phanem
508 1011 552 1078 ad
574 1033 608 1078 se
629 1013 732 1097 ipsum
748 1012 892 1080 allusisse
908 1020 1073 1098 putarent3
1097 1019 1170 1079 sunt
1184 1019 1293 1080 autem
1307 1008 1342 1078 hi
1356 1035 1489 1081 versus:

500 1115 571 1179 ἀλλ’
593 1115 720 1180 ὁπόταν
733 1115 793 1198 μὲν
809 1115 938 1180 δείσατ’
952 1117 1047 1182 αότοί
1069 1122 1125 1200 (sc.
1142 1114 1174 1180 oi
1189 1116 1405 1202 δημαγωγοί),
1429 1120 1491 1203 τὴν

1164 1222 1310 1302 Εὔβοιαν
1333 1219 1492 1286 διδόασιν

500 1322 577 1405 ὑμῖν
599 1323 651 1386 καὶ
675 1334 766 1388 σῖτον
786 1324 979 1409 ὑφίστανται
993 1324 1076 1387 κατὰ
1090 1313 1292 1409 πεντήκοντα
1306 1324 1491 1408 μεδίμνους

503 1436 644 1512 ποριεῖν·
668 1426 788 1492 ἔδοσαν
811 1426 842 1490 δ’
866 1425 1045 1491 οόπιόποτέ
1066 1444 1130 1502 σοι,
1155 1427 1241 1512 πλὴν
1261 1428 1376 1513 πρώην
1392 1432 1493 1494 πέντε

1173 1529 1362 1614 μεδίμνους,

504 1632 557 1696 καὶ
594 1637 695 1697 ταῦτα
735 1633 848 1716 μόλις
884 1637 1016 1743 ξενίαις
1053 1633 1211 1718 φεύγων
1255 1633 1366 1717 ἔλαβες
1404 1638 1492 1700 κατὰ

1176 1740 1315 1817 χοόνιιια,
1349 1744 1492 1826 κριθῶν.

435 1847 477 1912 Et
500 1849 554 1931 qui
570 1849 701 1916 tandem
717 1869 833 1916 caussa
848 1849 920 1934 ipsa
935 1854 1012 1916 acta
1027 1867 1098 1916 esse
1114 1848 1235 1915 fertur?
1257 1849 1494 1938 Ἀπολυόῆναι

351 1948 388 2011 δὲ
423 1952 543 2030 αὐτόν,
580 1955 676 2022 Vitae
709 1954 845 2039 scriptor
876 1953 994 2038 inquit,
1027 1952 1165 2018 εἰπόντα
1197 1954 1329 2030 ἀστείως
1362 1954 1398 2019 ἐκ
1432 1963 1495 2021 τοῦ

348 2051 486 2142 Ὁμήρου
509 2059 625 2122 ταῦτα·
1128 2073 1132 2080 ’

457 2159 558 2246 μήτηρ
580 2164 639 2244 μέν
661 2164 695 2224 τέ
715 2163 756 2244 μέ
778 2177 856 2244 φησι
879 2164 937 2225 τοῦ
960 2161 1104 2242 ἔμμεναι,
1133 2160 1235 2246 αὐτὰρ
1259 2161 1358 2241 ἔγωγε

459 2263 518 2326 orla
540 2263 620 2328 οἶδ’·
644 2264 683 2329 οὐ
706 2263 767 2348 γάρ
790 2264 844 2328 πό
867 2287 915 2338 τις
936 2263 992 2328 ἑὸν
1013 2264 1114 2344 γόνον
1134 2264 1233 2338 αότὸς
1253 2265 1388 2344 ἀνέγνω.

352 2365 502 2452 δεύτερον
535 2366 571 2430 δὲ
604 2368 657 2431 καὶ
691 2371 798 2453 τρίτον
831 2368 1092 2453 σονοφαντηθεὶς
1120 2369 1283 2452 ἀπέφυγε,
1317 2367 1371 2432 καὶ
1405 2373 1494 2434 οὕτω

353 2472 493 2557 φανερὸς
514 2471 730 2546 κατασταθεὶς
753 2455 887 2556 πολίτης
909 2472 1118 2558 κατεκράτησι
1140 2476 1200 2536 τοῦ
1215 2471 1370 2546 Κλέωνος.
1406 2474 1495 2540 Iocis
1560 2515 1561 2581 ρ

351 2573 449 2656 igitur
472 2580 505 2640 et
526 2574 655 2642 facetiis
678 2575 854 2660 perieulum
877 2575 1012 2659 effugit?
1050 2577 1088 2642 ln
1109 2582 1177 2641 tam
1199 2575 1292 2658 gravi
1316 2595 1435 2643 caussa
1444 2617 1492 2632 ·-

350 2699 425 2744 nam
459 2679 486 2744 si
519 2700 635 2744 revera
667 2685 840 2746 aecusatus
874 2685 932 2762 est,
963 2699 1031 2745 rem
1059 2678 1362 2763 periculosissimam
1391 2681 1495 2747 fuisse

351 2782 465 2866 negari
498 2803 561 2848 non
595 2788 701 2868 potest
729 2821 770 2830 -
800 2788 931 2868 poetam
961 2782 1008 2848 sic
1041 2802 1076 2848 se
1111 2782 1252 2866 gessisse
1279 2783 1495 2867 putabimus?
1559 2817 1560 2862 q

351 2887 450 2970 Atqui
476 2887 747 2954 narratiunculam
776 2886 861 2954 hano
891 2905 962 2953 esse
985 2885 1151 2969 ingeniose
1175 2893 1208 2952 el
1230 2886 1338 2954 facete
1361 2889 1497 2972 excogi-
1559 2869 1560 2913 ¹

352 2997 454 3056 tatam
476 2991 542 3056 iarn
564 2990 647 3056 bene
670 2990 829 3056 intellexit
844 2989 1043 3073 Dindorfius3
1066 2997 1102 3056 at
1121 3010 1162 3056 ne
1177 2989 1344 3073 ingeniose
1361 2991 1496 3074 quidem

353 3095 436 3161 baec
466 3094 588 3161 fabella
614 3095 747 3161 inventa
775 3101 833 3178 est,
865 3115 938 3160 curn
960 3093 1004 3160 ad
1026 3093 1266 3178 peregrinitatis
1290 3095 1411 3162 crimen
1436 3096 1497 3161 hos

353 3219 464 3264 versus
493 3199 679 3266 Homericos
707 3202 742 3280 (a
765 3199 828 3264 215
850 3201 912 3281 sq.)
942 3217 1006 3263 nou
1040 3196 1201 3280 quadrare
1235 3216 1328 3263 nemo
1356 3205 1406 3264 est
1440 3200 1497 3281 qui
1558 3187 1559 3247 l

353 3324 415 3368 non
439 3303 608 3387 intelligat,
638 3303 697 3368 sed
725 3301 832 3386 potius
855 3303 898 3368 ad
921 3321 1071 3368 caussam
1092 3301 1320 3387 suppositionis
1349 3304 1498 3388 (γραφὴν

353 3406 540 3491 ὑποβολῆς),
575 3405 661 3489 quod
694 3405 760 3471 iarn
793 3405 939 3493 Rankius
972 3411 1006 3470 et
1032 3405 1146 3472 Moser
1174 3403 1416 3488 Strllbingensis
1450 3406 1496 3470 in·
1557 3477 1558 3494 ξ

353 3512 553 3578 tellexeruut.
600 3510 803 3594 Quapropter
830 3508 1074 3592 grammaticum
1103 3507 1253 3592 aliquem,
1283 3507 1337 3590 qui
1360 3509 1496 3575 Homeri
1557 3497 1558 3581 l

353 3614 496 3680 carmina
531 3614 701 3697 diligenter
734 3613 823 3679 haud
852 3613 948 3678 dubie
979 3633 1019 3680 ac
1048 3611 1191 3678 studioso
1218 3611 1399 3696 lectitabat,
1437 3613 1497 3678 hos

354 3737 464 3783 versus
488 3719 529 3784 do
552 3739 609 3784 suo
629 3717 838 3801 Aristophani
859 3717 1007 3784 tribuisse
1031 3735 1220 3802 persuasum
1241 3714 1319 3780 mibi
1342 3721 1400 3780 est.
1435 3717 1497 3782 Illa
1556 3705 1557 3752 ἕ

354 3827 462 3887 autem
489 3820 639 3907 δεύτερον
666 3820 702 3884 δὲ
731 3821 783 3883 καὶ
813 3824 920 3907 τρίτον
950 3818 1210 3903 sozopontanae
1232 3817 1385 3902 ἀπέφυγε
1416 3819 1497 3902 quid

354 3924 414 3990 sibi
449 3925 557 4009 velint,
592 3945 721 4010 prorsus
754 3944 817 3990 non
851 3923 956 3997 video.
1005 3925 1089 3992 Nam
1118 3924 1285 4006 Cleonem,
1320 3927 1497 4006 postquam
1555 3977 1556 4010 ,

354 4034 453 4114 poeta
489 4029 608 4097 iudicio
642 4028 734 4112 vicit,
773 4028 888 4094 iterum
925 4032 1022 4109 atque
1060 4026 1159 4094 etiarn
1192 4025 1321 4092 tertium
1355 4026 1497 4092 eandem

356 4153 504 4200 caussam
536 4153 710 4199 renovasse
742 4133 829 4198 nullo
866 4131 961 4198 modo
996 4129 1084 4196 credi
1118 4136 1175 4196 aut
1207 4127 1345 4212 cogitari
1375 4135 1497 4213 potest,

354 4240 469 4321 ltaque
493 4237 599 4304 omnia
621 4237 705 4310 haec
724 4235 1005 4320 grammaticorum
1021 4239 1200 4302 commenta
1214 4233 1312 4316 plane
1327 4231 1498 4298 reicienda

355 4348 388 4407 et
409 4340 612 4425 repudianda
634 4346 715 4406 sunt.
750 4341 931 4423 Numquam
953 4338 1201 4422 Aristophanem
1223 4335 1380 4402 aOleone
1405 4357 1497 4421 pere·

356 4444 515 4530 grinitatis
538 4451 725 4512 accusatum
748 4465 818 4511 esse
842 4450 995 4526 quantum
1017 4442 1155 4510 maxime
1177 4459 1307 4528 possum
1322 4441 1496 4508 contendo.
