3140 5266
549 387 761 454 ,ηρ-

80 574 214 642 etiarnsi
230 576 368 642 obseura
384 581 456 641 sunt
471 575 573 660 primo
589 577 711 662 obtutu,
728 584 836 644 tamen
852 575 895 644 ad
911 576 1127 644 Callistratum
1142 578 1226 644 haee

80 679 190 744 verba
212 679 385 746 referenda
408 699 479 745 esse
503 687 624 746 eertum
647 687 705 746 est.
747 682 831 750 Nam
853 681 988 765 primum
1010 701 1143 748 neeesse
1167 689 1225 767 est,

80 782 109 848 si
141 783 274 866 quidem
303 803 365 867 ego
388 783 511 866 aliquid
533 783 638 868 video,
667 784 700 848 in
723 785 838 852 eadem
860 785 1015 869 parabasi
1036 805 1163 870 semper
1186 785 1227 852 de

82 888 204 954 eodem
226 893 326 972 poeta
348 887 492 969 renitari3
516 894 582 955 tum
604 907 692 973 vero,
716 909 788 954 oum
811 889 1028 956 Callistratum
1043 889 1227 956 Aobarnen-

81 1012 146 1076 ses,
186 991 279 1074 quasi
308 1011 368 1058 sua
396 998 482 1058 esset
511 992 688 1076 comoedia,
719 993 866 1060 docuisse
896 999 1029 1077 oonstet,
1065 1015 1106 1059 ex
1132 995 1228 1060 rebus

82 1095 166 1179 ipsis
185 1101 217 1160 et
231 1096 356 1162 ratione
372 1096 524 1164 scaenica
539 1096 722 1162 necessario
739 1117 938 1180 consequens
954 1104 1012 1182 est,
1035 1098 1227 1182 ubieumque

84 1200 126 1264 de
162 1206 266 1284 poeta
299 1201 351 1264 vel
386 1199 426 1266 de
455 1199 543 1266 olrori
569 1196 723 1283 magistro
751 1202 852 1268 verba
881 1201 974 1285 fiunt,
1009 1202 1228 1268 tantummodo

85 1303 310 1370 Callistratum
332 1302 469 1386 intelligi
491 1323 595 1387 posse.
627 1305 778 1370 Consulto
801 1304 863 1370 hoo
885 1311 952 1372 tam
975 1325 1075 1390 saepe
1098 1311 1228 1389 tamque

85 1409 235 1492 graviter
257 1429 381 1493 moneo,
406 1409 482 1492 quia
505 1410 604 1494 multi,
629 1431 822 1496 quamquam
845 1418 992 1497 apertum
1015 1417 1064 1478 est
1085 1417 1117 1478 et
1131 1411 1229 1478 mani-

85 1513 219 1596 festum,
242 1511 337 1578 modo
360 1511 723 1580 rationem'seaenioam
744 1520 949 1600 perspectam
964 1513 1098 1598 habeas,
1122 1521 1230 1582 tamen

86 1616 122 1681 id
146 1615 332 1698 intelligere
354 1615 474 1682 nolunt.
1181 1621 1185 1628 '

180 1720 247 1787 Sed
269 1718 477 1804 inspiciamus
500 1726 644 1786 vetemm
665 1719 858 1804 testimonia,
889 1726 925 1786 ut
947 1720 1123 1805 videamus,
1154 1721 1231 1804 quid

88 1825 131 1890 de
156 1823 221 1890 hae
243 1844 278 1888 re
301 1823 474 1890 memoriae
497 1822 657 1907 proditum
673 1823 723 1890 sit.
755 1823 1076 1891 Sohol.adAol1arn.
1094 1827 1230 1890 vsb'b4:
1348 1829 1350 1833 ’

88 1925 164 1990 ἀλλ’
187 1931 242 1990 ίνα
264 1930 381 1990 τοῦτον
403 1926 460 1991 τὸν
482 1925 621 2011 ποιητὴν
643 1925 744 2011 (adde
767 1925 980 2012 άφέλωνται);
1008 1927 1102 2008 ἐγγὺς
1125 1929 1233 1992 αὐτῶν

89 2029 245 2112 λάβωσιν.
290 2028 442 2094 ἐντεῦθεν
469 2029 551 2104 τινὲς
574 2030 762 2111 νομίζουσιν
783 2028 818 2094 ἰν
840 2031 959 2117 Αἰγίνη
982 2031 1039 2106 τὰς
1062 2031 1233 2115 κωμῳδίας

91 2143 203 2199 ποιεῖν
225 2133 283 2196 τὸν
296 2131 526 2218 Ἀριστοφάνην
549 2131 606 2196 διὰ
627 2133 664 2197 ιό
686 2133 916 2217 ἐπενηνοχέναι
935 2134 1035 2199 αὐτόν
1050 2173 1092 2183 -
1107 2135 1234 2202 videtur

92 2237 172 2302 mihi
194 2238 313 2302 lacuna
336 2257 406 2302 esse
433 2276 469 2284 -
499 2236 569 2300 ἀλλ’
593 2242 647 2300 ἵνα
669 2240 786 2302 τοῦτον
808 2237 868 2301 τὸν
889 2237 1028 2322 ποιητὴν
1049 2237 1234 2321 ἀφέλωνται

93 2341 152 2426 την
175 2343 330 2422 Αἴγιναν,
366 2341 427 2422 οὐχ
460 2339 553 2422 ὑμᾶς.
598 2350 668 2414 ταῖς
702 2340 872 2425 ἀληθείαις
905 2338 949 2414 εἷς
977 2339 1016 2426 ἦν
1043 2345 1107 2405 τῶν
1134 2340 1169 2405 ἓν
1198 2366 1235 2428 ιη

94 2446 181 2530 νήσῳ
204 2443 498 2531 κληρουχησάντων.
539 2444 636 2508 οὐδὲν
659 2443 695 2506 δὲ
717 2443 835 2507 tantvs
856 2444 910 2507 καί
931 2441 1067 2530 ἑτέρωθι
1090 2444 1233 2532 συγγρά-

95 2571 182 2634 perv,
206 2550 236 2612 εἰ
254 2548 325 2628 ιὑπὸ
348 2547 629 2630 Λακεδαιμονίους
651 2547 669 2632 ἡ
693 2551 789 2632 νῆσος
811 2547 958 2630 ἐγεγόνει.

183 2651 299 2727 ἄλλως.
338 2652 446 2726 οὐδεὶς
468 2649 643 2738 ἱστόρηκεν,
669 2649 711 2724 ὠς
734 2649 769 2715 ἐν
791 2653 911 2737 Αἰγίνη
934 2653 1079 2736 κέκτηταί
1101 2674 1131 2713 τι
1154 2651 1234 2736 Ἀρι-

98 2756 275 2842 σιοφάνης,
306 2755 377 2818 ἀλλ’
406 2757 487 2819 ἔοικε
514 2758 617 2818 ταῦτα
646 2753 719 2840 περὶ
743 2753 985 2840 Καλλιστράτου
1008 2753 1175 2834 λέγεσθαι,
1201 2757 1236 2828 ὃς

97 2859 346 2946 κεκληρούχηκεν
371 2858 406 2924 ἰν
430 2860 547 2946 Αἰγίνη
574 2859 654 2940 μετὰ
683 2859 740 2944 την
763 2857 941 2922 άνάστασιν
964 2861 1147 2944 Αἰγινητῶν
1168 2858 1237 2923 ὑπὸ

96 2966 286 3049 Ἀθηναίων.

185 3068 236 3132 En
269 3067 426 3132 habemus
460 3066 540 3132 duas
575 3066 707 3132 duorum
741 3065 1022 3150 grammaticorum
1051 3064 1237 3149 sententias,

101 3173 154 3256 qui
187 3193 251 3238 non
285 3171 379 3238 aliter
411 3170 494 3238 inter
527 3192 562 3238 se
594 3172 779 3257 discrepant
807 3192 847 3238 ao
874 3178 1003 3238 nostrae
1031 3170 1149 3236 aetatis
1177 3168 1237 3235 viri

101 3276 197 3342 doeti.
243 3276 314 3360 Ego
344 3275 406 3342 utri
433 3275 529 3341 fidem
555 3275 703 3360 tribuam,
732 3296 796 3340 non
823 3275 944 3358 dubito,
974 3274 1004 3340 ei
1027 3274 1159 3358 scilieet,
1184 3272 1238 3355 qui

102 3381 142 3446 de
165 3379 350 3446 Callistrato
378 3379 462 3446 haee
485 3379 573 3445 diota
595 3399 666 3446 esse
689 3381 836 3464 putabat,
865 3385 962 3462 atque
986 3379 1028 3444 ab
1050 3378 1112 3442 hoo
1135 3397 1238 3460 gram-

102 3484 219 3550 matieo
244 3504 353 3550 verum
375 3482 527 3549 traditum
551 3503 622 3550 esse
644 3504 702 3568 pro
725 3489 813 3550 eerto
836 3482 951 3548 habeo.
998 3481 1132 3548 Videtur
1156 3479 1240 3546 enim

103 3595 229 3655 veteres
257 3588 354 3654 libros
383 3589 550 3672 evolvisse,
581 3587 614 3652 in
641 3587 755 3672 quibus
779 3587 1006 3670 Callistratum,
1035 3605 1099 3650 non
1120 3583 1239 3648 Aristo·

103 3693 252 3778 phanem‚
283 3693 429 3758 colonum
451 3691 592 3757 Atticum
619 3690 653 3756 in
680 3691 784 3758 insula
806 3690 933 3774 Aegina
959 3689 1057 3754 fuisse
1086 3687 1240 3772 seriptum

104 3795 236 3864 invenit
290 3795 397 3862 Etiam
429 3795 579 3862 libentius
613 3794 687 3860 huie
721 3793 931 3878 grammatino
962 3792 1181 3875 assentiemur,
1214 3789 1240 3856 si

105 3898 325 3986 reputabimus
364 3899 447 3966 inter
481 3899 611 3966 oolonos
644 3897 813 3982 praediola
846 3896 925 3962 satis
958 3915 1061 3980 parva
1095 3893 1243 3960 distribui

106 4012 201 4088 atque
248 4004 377 4069 oolonos
421 4004 508 4088 ipsos
551 4024 568 4069 e
614 4002 737 4069 nivibus
780 3999 976 4088 pauperibus
1019 4004 1051 4064 et
1093 3997 1242 4082 inopibus

106 4108 181 4192 eligi
207 4107 258 4174 ius
286 4091 395 4190 fuisse,
424 4127 523 4190 quare
551 4106 615 4172 iam
642 4126 700 4190 per
728 4125 763 4172 se
786 4102 985 4189 probabilius
1008 4108 1057 4168 est
1080 4100 1242 4168 Callistra-

106 4220 170 4278 tum
205 4212 353 4278 oolonum
385 4210 494 4294 fuisse,
529 4231 601 4276 oum
633 4209 865 4295 Aristophanes
899 4205 967 4273 sine
1002 4205 1100 4271 dubio
1133 4204 1166 4269 in
1196 4203 1242 4268 di-

106 4316 222 4382 vitibus
266 4313 482 4382 numerandus
526 4312 580 4397 sit3
627 4312 845 4380 Callistratum
888 4331 979 4395 vero,
1025 4310 1145 4394 quippe
1189 4307 1244 4391 qui

106 4421 229 4488 alienas
252 4417 380 4486 fabulas
404 4417 545 4504 doceret,
568 4417 729 4483 hominem
750 4435 927 4501 pauperem
950 4411 1048 4480 fuisse
1071 4433 1149 4479 sane
1167 4410 1244 4478 lieet

106 4543 272 4611 susproarr.
