3140 5266
806 349 1014 410 ...ssss-

429 540 497 603 lam
525 538 771 604 Ecclesiaausae
805 537 838 601 in
867 557 984 602 novam
1014 535 1134 603 cadunt
1164 543 1389 621 tempestatem
1415 561 1486 604 non

342 643 565 728 Aristophanis
593 645 693 708 solum
721 642 849 726 aetatis,
883 663 993 708 verum
1020 642 1118 708 ctiam
1147 641 1243 706 totius
1274 643 1484 709 comoediae:

342 747 484 813 nascitur
506 746 623 812 sensim
646 752 678 812 et
700 746 869 830 paullatim
891 745 1008 829 media,
1033 766 1117 828 quac
1133 751 1275 829 vocatur,
1300 747 1484 812 comoedia.

342 852 448 933 Atque
482 850 667 934 agnoscitur
694 849 756 915 hoc
784 869 901 914 novum
929 869 1031 932 genus
1059 849 1157 914 etiam
1185 849 1288 932 magis
1316 850 1350 914 in
1377 851 1486 917 altero

343 955 446 1038 Pluto,
476 975 571 1036 quam
594 953 738 1018 fabulam
760 953 904 1018 ultimam
925 951 1157 1036 Aristophanes
1179 952 1249 1036 ipse
1272 952 1304 1017 in
1328 973 1486 1020 scaenam

342 1058 476 1123 induxit.
534 1057 694 1135 Quantam
724 1057 862 1122 omnium
891 1077 995 1122 rerum
1024 1055 1312 1141 commutationem,
1343 1065 1486 1140 quantas

343 1162 490 1227 fortunae
521 1161 767 1244 vicissitudines,
801 1167 954 1243 quantam
984 1167 1211 1245 tempestatum
1240 1162 1486 1229 conversionem

343 1272 440 1350 poeta
463 1264 590 1329 viderat
612 1270 646 1329 ut
669 1264 701 1330 in
723 1285 758 1329 re
781 1264 911 1348 publica
934 1263 981 1330 ita
1003 1264 1036 1328 in
1058 1284 1189 1348 scaena,
1215 1285 1298 1346 quae
1320 1285 1385 1330 una
1408 1287 1486 1332 curn

343 1390 377 1434 rc
401 1368 531 1453 publica
554 1373 651 1433 aucta
675 1374 707 1436 et
730 1369 875 1452 collapsa
899 1374 968 1433 erat
992 1374 1025 1433 et
1049 1368 1140 1451 quasi
1162 1369 1335 1452 imaginem
1352 1370 1420 1435 eius
1439 1371 1486 1436 ad

344 1493 498 1538 summam
521 1472 691 1538 veritatem
713 1478 926 1555 expresserat.

430 1575 524 1654 Quod
535 1576 567 1642 in
580 1574 655 1640 Vita
667 1575 817 1659 legimns:
834 1575 984 1660 ἐντούτῳ
998 1575 1034 1639 δὲ
1046 1581 1090 1662 τῷ
1102 1575 1242 1662 δράματι
1258 1580 1314 1659 (sc.
1329 1577 1484 1662 Πλούτῳ)

345 1685 513 1765 συνέστησε
541 1684 585 1767 τῷ
613 1679 735 1764 πλῆθει
758 1680 815 1743 τὸν
838 1676 908 1744 υἱὸν
930 1680 1096 1766 Ἆραρότα·
1125 1679 1178 1742 καὶ
1202 1682 1285 1743 οὕτω
1308 1681 1486 1766 μετήλλαξε

343 1786 400 1850 τὸν
430 1789 503 1869 βίον
532 1785 658 1858 παῖδας
686 1784 876 1848 καταλιπών
906 1795 1005 1870 τρεῖς,
1039 1785 1210 1850 Φίλιππον
1237 1785 1410 1868 ὁμώνυμον
1439 1792 1485 1872 τῷ

343 1890 475 1974 πάππῳ
498 1890 551 1952 καὶ
574 1887 796 1974 Νικόστρατον
818 1889 870 1951 καὶ
893 1888 1065 1975 Ἀραρότα,
1090 1889 1134 1952 δι’
1158 1888 1197 1954 οὗ
1212 1887 1410 1967 καὶδδὶδαξε
1426 1892 1486 1955 τὸν

343 1994 503 2073 Πλοῦτον,
527 1993 580 2058 hic
596 2014 683 2058 error
697 1992 886 2058 manifestus
910 2000 968 2076 est,
993 2014 1065 2058 cum
1079 1993 1111 2058 in
1128 1993 1307 2060 didascalia
1323 1995 1485 2079 expressis

342 2098 448 2164 verbis
465 2097 616 2182 scriptum
632 2096 799 2162 videamus
813 2096 1059 2180 Aristophanem
1075 2118 1131 2162 suo
1148 2097 1247 2182 ipsius
1259 2098 1386 2164 nomine
1399 2099 1484 2165 hano

342 2203 486 2268 fabulam
503 2201 659 2266 docuisse.
683 2200 773 2266 Alias
789 2199 896 2284 potius
909 2200 990 2266 duas
1002 2200 1140 2286 fabulas,
1158 2202 1312 2267 Cocalum
1324 2209 1356 2268 et
1368 2203 1484 2269 Aeolo-

343 2307 473 2389 sicona,
486 2305 550 2370 filio
574 2304 664 2370 dedit
688 2304 861 2388 docendas,
885 2310 920 2369 ut
941 2306 1059 2389 populo
1076 2325 1147 2370 eum
1163 2305 1417 2390 commendarem
1442 2308 1483 2373 cf.

343 2412 425 2476 Plut.
443 2431 511 2492 arg.
528 2410 587 2474 IV:
611 2407 796 2473 τελευταίαν
816 2408 852 2472 δὲ
874 2407 1012 2485 διδάξας
1031 2409 1088 2494 τῆν
1103 2409 1277 2494 κωμῳδίαν
1291 2410 1414 2495 ταύτην
1428 2410 1484 2474 ἐπὶ

343 2518 386 2599 τῷ
416 2515 488 2601 ἰδίῳ
508 2511 641 2595 ὀνόματι
669 2513 802 2578 καὶτὸν
825 2509 896 2578 υἱὸν
918 2513 1022 2578 αὑτοῦ
1044 2518 1197 2598 συστῆσαι
1217 2515 1369 2601 Ἆραρότα
1398 2516 1484 2598 (lege

342 2618 447 2703 potius
463 2617 524 2683 hoc
540 2617 664 2683 ordine:
687 2617 847 2702 Ἀραρότα
869 2620 1032 2702 συστῆσαι)
1058 2616 1117 2702 [δι’
1133 2618 1241 2703 αὐτῆς]
1264 2629 1332 2693 τοῖς
1348 2623 1485 2694 θεαταῖς

342 2721 551 2804 βουλόμενος,
575 2722 616 2783 τὰ
635 2720 808 2784 ὑπόλοιπα
824 2721 885 2786 δύο
903 2722 946 2785 δι’
961 2720 1081 2786 ἐκείνου
1097 2725 1233 2807 καθῆκε,
1259 2723 1416 2787 Κώκαλον
1430 2724 1484 2787 καὶ

338 2825 572 2890 Αἰολοσίκωκα.
590 2825 698 2891 Verba
711 2825 754 2888 δι’
767 2826 864 2910 αὐτῆς
877 2847 948 2891 oum
960 2832 993 2891 et
1000 2824 1267 2892 antecedentibus
1276 2833 1309 2892 et
1317 2827 1484 2911 insequen-

345 2929 429 2994 tibus
445 2929 567 3013 pariter
582 2935 771 3013 repugnent,
788 2929 881 2994 simili
898 2950 1003 2995 errore
1019 2936 1090 2995 orta
1105 2928 1254 2996 videntur
1266 2931 1383 3015 ncilla,
1401 2951 1485 3015 quae

344 3034 376 3098 in
391 3033 467 3099 Vita
490 3039 627 3117 exstant,
651 3054 751 3116 quare
774 3033 864 3099 uncis
887 3054 928 3099 ea
950 3034 1136 3100 seclusimus
1157 3040 1193 3100 ut
1214 3034 1439 3119 expungenda.

432 3138 502 3202 Iam
539 3136 720 3202 fabularum
754 3138 1027 3204 enumerationem
1061 3139 1294 3223 concludimus,
1337 3159 1409 3205 eum
1444 3141 1485 3206 de

343 3241 539 3323 reliquarum
573 3241 846 3307 commissionibus
880 3241 958 3306 nihil
992 3248 1101 3307 notum
1135 3242 1175 3307 sit
1210 3249 1308 3326 atque
1342 3263 1382 3310 ne
1417 3245 1484 3309 erui

345 3344 476 3427 quidem
499 3345 600 3429 possit
623 3345 797 3428 quicquam
820 3345 909 3411 certi.
940 3347 1024 3412 Nam
1047 3366 1088 3411 ex
1104 3346 1346 3430 deperditarum
1361 3368 1484 3414 comoe-

345 3448 470 3514 diarum
493 3449 672 3532 naufragiis
695 3449 847 3532 colligere
863 3451 946 3516 velle
962 3450 1093 3515 fabulae
1110 3457 1341 3535 argumentum,
1365 3458 1484 3535 poetae
1554 3441 1555 3461 λ

345 3552 525 3637 consilium,
568 3553 704 3619 actionis
743 3561 870 3638 tempus
904 3553 1034 3620 difficile
1069 3560 1118 3619 est
1152 3561 1250 3636 atque
1283 3555 1483 3638 periculosae
1552 3615 1553 3618 ,

344 3658 473 3741 plenum
496 3676 576 3741 opus
599 3658 702 3723 aleae.
733 3658 785 3723 Ad
808 3657 972 3723 arbitrium
992 3659 1178 3742 plerumque
1195 3658 1255 3722 viri
1271 3658 1357 3724 docti
1373 3659 1405 3724 in
1421 3659 1483 3726 hac
1551 3713 1552 3718 ,

343 3782 378 3826 re
394 3761 550 3844 fecerunt,
567 3782 760 3843 quamquam
773 3762 867 3827 docte
881 3782 979 3844 agere
992 3761 1053 3826 sibi
1065 3762 1126 3846 ipsi
1138 3761 1198 3827 visi
1209 3769 1291 3828 sunt.
1315 3763 1354 3827 ld
1367 3763 1430 3828 iam
1442 3785 1483 3830 ex

344 3885 383 3930 eo
399 3864 475 3930 licet
490 3865 679 3949 intelligere,
703 3865 789 3948 quod
806 3864 1041 3931 diversissimae
1056 3865 1145 3930 haud
1160 3887 1233 3932 raro
1245 3867 1424 3933 sententiae
1440 3870 1483 3936 de
1549 3893 1550 3898 ¹

345 3969 459 4034 eadem
472 3968 584 4035 fabula
595 3969 779 4054 propositae
792 3975 874 4052 sunt,
888 3989 1060 4034 consensus
1071 3969 1139 4034 fere
1147 3990 1321 4051 numquam
1330 3971 1483 4038 cernitur:

344 4072 434 4138 aliud
445 4073 556 4138 statuit
568 4074 687 4157 Bergk,
701 4072 789 4139 aliud
801 4073 913 4138 Mhller
924 4071 1173 4156 Strllbingensis,
1187 4072 1275 4139 aliud
1285 4073 1438 4140 Zielinski
1450 4078 1483 4159 ¹),

417 4245 436 4314 ¹)
465 4246 557 4300 Huius
587 4245 702 4300 libellus
719 4244 792 4300 ‘Dic
815 4243 1087 4299 Mdrchenkomddic
1111 4246 1141 4298 in
1163 4243 1274 4300 Athen’
1298 4244 1352 4315 (St.
1371 4246 1484 4303 Peters-

349 4330 515 4403 burg1885)
539 4331 658 4386 multum
680 4331 770 4386 habet
788 4330 990 4398 iucunditatis,
1014 4335 1044 4384 ct
1062 4331 1147 4387 valde
1165 4331 1327 4386 laudandus
1346 4340 1423 4387 esset
1440 4337 1485 4390 vir

346 4419 456 4486 doctus,
483 4418 538 4472 nisi
566 4418 761 4487 commisisset,
791 4418 867 4488 quod
895 4433 992 4472 omnes
1020 4416 1080 4471 fere
1109 4417 1158 4488 qui
1180 4418 1248 4474 novi
1271 4417 1420 4490 granulum
1442 4420 1483 4474 in-

346 4504 475 4574 veniunt,
485 4523 549 4560 cum
559 4505 654 4560 omnia
663 4511 751 4577 atque
762 4505 903 4576 quaedam
913 4503 971 4557 alia
980 4504 1010 4556 in
1020 4519 1100 4558 suam
1110 4509 1292 4561 converteret
1301 4505 1482 4563 sententiam.
