3140 5266
173 1454 273 1581 „Das
299 1493 482 1562 Verhetltnis
510 1493 568 1560 des
595 1492 827 1578 Aristophanes
855 1515 895 1560 zu
921 1493 1127 1560 Kallistratos
1154 1493 1221 1560 und

79 1597 270 1664 Philonides
292 1598 334 1664 ist
356 1618 392 1665 so
415 1599 462 1664 oft
483 1598 694 1681 Gegenstand
717 1598 774 1664 der
788 1597 1037 1681 Untersuohung
1059 1618 1219 1683 gewesen,

80 1702 146 1766 wie
176 1723 235 1768 nur
262 1701 377 1784 irgend
400 1702 451 1768 ein
479 1702 638 1785 Problem,
666 1723 705 1766 zu
735 1701 851 1768 dessen
878 1701 1061 1768 wirhlicher
1089 1703 1221 1784 Lbsung

80 1825 199 1871 unsere
229 1805 387 1871 Kenntnis
420 1805 509 1870 nieht
538 1804 710 1870 ausreicht.
760 1805 837 1870 Wer
863 1804 932 1870 sich
962 1806 1019 1871 der
1047 1806 1160 1872 deke
1189 1805 1222 1870 in

81 1929 216 1974 unserer
245 1894 493 1992 llberlieferung
519 1910 660 1974 bewusst
687 1908 738 1992 ist,
773 1909 854 1974 wird
881 1907 977 1974 hcine
1009 1908 1222 1991 Versuohung

81 2013 205 2097 ftihlen,
229 2013 289 2077 das
311 2034 414 2096 ganne
430 2012 579 2078 Material
601 2011 685 2078 noch
708 2012 826 2078 einmal
847 2011 1069 2080 hinzubreiten
1088 2012 1154 2079 und
1169 2013 1221 2078 ein

82 2137 185 2184 nenos
207 2117 334 2182 Mosaik
358 2118 476 2184 danaus
498 2117 741 2184 herzustellen.“

171 2238 222 2303 Ab
260 2237 322 2302 hoc
355 2237 487 2304 exordio
520 2238 572 2303 Fr.
608 2239 676 2302 Leo
716 2236 1021 2321 disputatiunculam
1060 2235 1222 2320 quandam

82 2341 221 2407 instituit
242 2339 275 2406 in
298 2341 378 2407 Mus.
401 2341 547 2407 Rhenan.
571 2342 632 2407 vol.
658 2342 708 2420 33.
733 2361 809 2426 pag.
832 2342 905 2406 400.
951 2341 1070 2406 Verum
1093 2341 1223 2424 quidem

84 2452 136 2511 est
160 2444 200 2510 de
224 2444 407 2512 Callistrato
431 2451 464 2511 et
479 2445 647 2510 Philonide
671 2465 770 2529 saepe
793 2445 989 2527 multumque
1009 2444 1094 2510 viros
1110 2445 1222 2510 doctos

84 2547 301 2633 disputavisse
340 2555 438 2631 atque
477 2549 560 2614 adeo
593 2548 784 2613 tractavisse
818 2548 903 2612 hanc
937 2547 1158 2631 quaestionem
1191 2549 1224 2613 in

85 2653 232 2718 diversas
253 2658 374 2737 partes,
398 2658 433 2716 ut
455 2661 560 2736 paene
583 2651 709 2734 nonsit
732 2651 921 2734 mirandum,
946 2651 1033 2733 quod
1055 2651 1111 2716 alii
1134 2651 1223 2717 steri-

84 2757 240 2822 lissimam
262 2777 303 2820 ac
322 2755 617 2820 iniucundissimam
637 2776 709 2820 eam
725 2775 795 2820 esse
812 2761 1013 2836 censuerunt,
1036 2754 1101 2838 alii,
1124 2755 1225 2821 veluti

84 2861 167 2944 Leo,
191 2859 317 2924 omnino
341 2859 510 2924 diiudicari
533 2878 628 2944 posse
649 2879 779 2943 prorsus
801 2863 1011 2951 negaverunt.
1051 2858 1123 2940 Ego
1145 2878 1222 2924 vero

89 2985 153 3030 nec
176 2963 226 3028 his
248 2983 309 3028 neo
331 2963 394 3028 illis
417 2962 565 3028 assentiri
588 2982 680 3045 queo,
705 2961 848 3046 cumeis,
873 2961 927 3044 qui
941 2960 1045 3044 magis
1059 2961 1228 3044 magisque
1331 3019 1334 3026 ι

84 3068 163 3133 huic
189 3067 236 3134 rei
262 3088 395 3152 operam
422 3067 499 3132 dent
526 3086 661 3148 eamque
689 3066 816 3150 penitus
844 3085 1040 3149 cognoscere
1063 3065 1225 3149 studeant,

86 3172 121 3235 in
145 3170 214 3236 dies
238 3191 311 3235 eam
332 3169 551 3235 iucundiorem
573 3169 642 3234 fieri
664 3189 797 3235 necesse
821 3169 862 3234 sit
884 3205 926 3217 —
947 3168 1025 3233 mihi
1049 3168 1178 3252 quidem
1192 3169 1228 3234 id

88 3273 225 3356 contigit
248 3311 289 3322 -—
314 3279 448 3338 etcum
471 3272 691 3355 quaestionem
714 3273 812 3338 etiam
835 3272 1010 3357 disceptari
1033 3292 1128 3357 posse
1150 3272 1228 3338 mihi

88 3377 314 3462 persuaserim,
331 3377 502 3443 dummodo
517 3377 674 3442 rationem
690 3377 872 3442 soaenicam
888 3382 1093 3461 perspectam
1104 3377 1229 3442 habeas

88 3489 256 3564 artemque
280 3480 436 3547 uomicam
451 3500 526 3547 vere
542 3480 626 3546 scias
641 3480 855 3564 interpretari.
880 3480 1084 3564 Quapropter
1099 3480 1228 3564 postha-

89 3586 160 3651 bita
189 3585 309 3651 Leonis
341 3585 513 3652 monitione
547 3606 673 3651 onmem
705 3585 797 3651 huius
831 3585 1028 3667 quaestionis
1060 3584 1228 3651 materiam

90 3690 264 3772 diligenter
302 3690 464 3773 congessi,
507 3690 727 3772 quaestionem
765 3688 899 3773 institui,
939 3695 1092 3770 quantum
1128 3688 1227 3773 potui,

90 3799 255 3876 accurate,
280 3800 374 3858 caute
398 3793 537 3877 quidem,
561 3792 619 3858 sed
643 3791 721 3857 satis
743 3791 880 3857 fidenter
900 3791 1054 3857 iudicium
1075 3791 1149 3857 feei.

85 3947 86 3950 ,
178 3897 356 3963 Occurrunt
386 3897 562 3963 Callistrati
596 3903 628 3962 et
654 3895 830 3960 Philonidis
864 3895 993 3961 nomina
1025 3896 1059 3962 in
1087 3895 1229 3978 reliqniis
1276 3921 1278 3924 ·

91 4000 353 4084 didascaliarum,
384 4021 468 4083 quae
491 3998 687 4081 argumentis
709 3998 891 4064 fabularum
914 3997 1103 4064 subiunctae
1127 4003 1228 4082 erant,

90 4104 124 4168 in
151 4103 282 4176 scholiis
305 4102 557 4187 Aristophaneis,
588 4102 621 4166 in
647 4102 764 4168 libellis
787 4102 828 4167 de
852 4101 1019 4167 comoedia
1042 4107 1075 4167 et
1098 4102 1139 4167 de
1161 4101 1230 4167 vita

91 4205 317 4290 Aristophanis
339 4206 475 4291 scriptis,
500 4205 589 4290 a'pud
611 4205 691 4270 alios
714 4204 942 4288 grammaticos
964 4205 1093 4289 passim.
1124 4205 1230 4288 Atque

91 4311 205 4377 horum
234 4310 372 4377 virorum
395 4332 494 4396 opera
516 4310 764 4394 Aristophanem
785 4310 818 4375 in
841 4309 996 4376 docendis
1019 4309 1083 4374 suis
1107 4329 1230 4375 comoe-

93 4415 155 4480 diis
188 4433 282 4479 nsum
311 4434 381 4480 esse
411 4433 520 4480 omncs
548 4413 758 4498 consentiunt,
794 4413 952 4496 quomodo
980 4412 1015 4477 id
1041 4412 1162 4478 factum
1190 4412 1231 4478 sit

94 4518 295 4584 dissentiunt.
273 4520 472 4585 tFusrunt
495 4517 579 4582 enim
602 4523 658 4582 ant
659 4517 742 4600 iquis
764 4516 970 4602 temporibus,
994 4515 1048 4689 qlui
1063 4522 1231 4624 utrumque
1213 4561 1298 4702 w,

147 4629 198 4674 Bri
204 4627 405 4683 e,lDeOallistr
405 4633 445 4673 ato
458 4627 580 4672 eintPhlo
582 4628 624 4674 ide.
