3140 5266
769 297 981 360 --40-

306 504 407 551 naeus
430 484 483 550 VI.
513 503 589 568 pag.
614 484 720 550 229Ε
749 485 956 552 Heliodorum
986 485 1214 553 Atheniensem
1243 487 1459 572 periegetam

297 597 458 673 'sequens3
481 587 593 654 scribit
615 594 724 654 autem
747 589 808 655 sie:
831 589 1076 677 Ἀριστοφάνης
1099 589 1130 654 δ’
1146 589 1165 656 d
1180 591 1456 678 κωμῳδιοποιός,

306 693 347 757 ὅν
376 709 476 778 φησιν
503 691 702 777 Ἡλιόδωρος
730 692 748 755 ὁ
777 693 965 778 Ἀθηναῖος
990 693 1025 758 ἓν
1047 704 1114 768 τοῖς
1137 694 1211 781 περὶ
1234 695 1452 782 ἀκροπόλεως

416 781 641 883 Ναοκρατίιην
673 798 756 860 εἶναι
790 799 882 878 γένος
912 797 977 861 κτλ.
1027 798 1216 864 Athenaeus
1243 799 1394 882 quamvis
1418 799 1454 864 in

307 901 488 968 universum
510 901 573 966 fide
598 900 713 984 dignus
736 901 786 985 sit,
809 901 872 967 hae
895 902 1058 968 tamenin
1080 924 1115 968 re
1133 923 1300 970 vereorne
1317 903 1451 988 patriae

308 1025 416 1071 amore
443 1005 619 1090 perductus
647 1005 709 1070 sibi
737 1005 942 1090 persuaserit,
967 1006 1062 1089 quod,
1092 1005 1125 1072 ni
1147 1007 1217 1091 ipse
1239 1007 1454 1074 Naucratites

308 1110 430 1194 fuisset,
460 1109 520 1175 sibi
551 1129 613 1174 non
636 1110 859 1200 persuasisset.
908 1111 1023 1194 Itaque
1046 1111 1211 1194 Heliodori
1233 1111 1454 1177 testimoninm

308 1213 445 1278 libenter
466 1213 499 1277 in
522 1211 603 1277 libro
626 1231 683 1278 suo
706 1211 822 1298 posuit,
847 1212 898 1279 oui
921 1213 1102 1279 testimonio
1126 1213 1237 1281 dubito
1260 1235 1303 1280 an
1320 1237 1364 1282 ne
1380 1216 1452 1301 ipse

308 1317 437 1400 quidem
474 1317 570 1382 fidem
603 1316 761 1383 habuerit.
821 1316 860 1382 Id
898 1317 1027 1400 quidem
1060 1338 1170 1384 verum
1204 1325 1254 1384 est
1286 1320 1453 1386 Graecum

308 1421 564 1506 Aristophanem,
589 1422 616 1488 si
640 1442 679 1487 ex
700 1422 851 1508 Aegypto
873 1443 988 1488 revera
1011 1428 1098 1488 ortus
1121 1428 1200 1506 erat,
1223 1423 1453 1490 Naucratitam

308 1525 416 1610 fuisse,
440 1546 513 1592 cum
536 1527 605 1592 sola
627 1527 801 1594 Naucratis
822 1527 885 1592 illis
907 1527 1104 1611 temporibus
1128 1549 1148 1592 a
1172 1527 1306 1594 Graecis
1330 1527 1453 1594 incole·

307 1636 403 1696 retur.
448 1631 562 1714 Neque
590 1651 666 1696 vero
690 1633 850 1698 Graecum
877 1631 1036 1697 hominem
1063 1629 1219 1700 Naucrati
1247 1637 1362 1716 ortum,
1392 1633 1454 1699 sed

307 1755 418 1802 verum
441 1740 538 1817 atque
561 1735 685 1800 fuscum
700 1734 884 1817 Niligenam
905 1741 1036 1818 poetam
1056 1734 1155 1801 fuisse
1172 1735 1227 1800 alii
1243 1735 1455 1803 crediderunt

309 1846 341 1905 et
371 1838 589 1924 prodiderunt.
639 1839 732 1904 Haec
754 1844 841 1904 certe
864 1839 1024 1904 sententia
1047 1838 1107 1904 luit
1130 1845 1304 1924 auctorum,
1335 1839 1455 1923 quibus

309 1944 428 2010 Suidas
461 1963 535 2008 usus
565 1948 623 2026 est,
659 1962 730 2006 eum
758 1942 927 2007 scriberet:
963 1939 993 2005 oi
1024 1941 1060 2006 δὲ
1087 1943 1275 2022 Αἰγύπτιον
1306 1945 1453 2028 &aaran

309 2053 407 2130 atque
429 2045 599 2112 manifesto
623 2045 761 2111 eandem
781 2065 967 2130 expressam
982 2045 1128 2111 videmus
1143 2045 1176 2110 in
1191 2046 1288 2111 schol.
1305 2046 1351 2111 ad
1365 2047 1454 2114 Nub.

309 2171 355 2217 vs.
379 2151 452 2235 272,
480 2149 536 2215 ubi
566 2150 674 2216 fatuus
702 2149 818 2232 aliquis
847 2150 1076 2233 grammaticus
1103 2156 1276 2234 propterea
1298 2150 1410 2218 Nilum
1432 2171 1455 2216 a

309 2261 408 2340 poeta
441 2261 649 2320 memoratum
684 2273 754 2319 esse
784 2253 957 2336 fabulatur,
992 2259 1027 2319 ut
1056 2259 1142 2319 tecte
1174 2253 1330 2336 originem
1359 2274 1455 2320 suam

311 2358 527 2424 confiteretur:
561 2359 601 2442 ἢν
627 2358 702 2442 γάρ,
738 2357 849 2440 inquit,
885 2357 921 2420 rb
950 2360 1043 2437 γένος
1072 2355 1267 2436 Αἰγύπτιος.
1313 2357 1365 2421 Ex
1388 2356 1455 2424 hac
1554 2367 1555 2412 l

311 2462 465 2528 momoria
498 2467 612 2545 postea
645 2461 773 2527 demum
803 2461 867 2545 alii,
899 2461 986 2526 velut
1014 2460 1215 2545 Heliodorus,
1251 2461 1455 2544 collegerunt
1554 2489 1555 2496 ι

310 2565 559 2650 Aristophanem
580 2565 804 2633 Naucratitam
826 2564 934 2630 fuisse.
966 2565 1026 2630 Illa
1049 2569 1158 2630 autem
1180 2563 1287 2648 prisca
1310 2569 1344 2628 et
1366 2564 1455 2648 prin-

311 2669 425 2754 cipalis
454 2668 617 2751 memoria,
648 2689 710 2750 quo
741 2668 909 2734 absurdior
936 2674 994 2751 est,
1027 2689 1065 2733 eo
1094 2667 1221 2733 facilins
1250 2667 1336 2733 viam
1359 2668 1455 2735 nobis
1554 2728 1555 2750 ,

310 2773 420 2857 munit,
445 2793 509 2855 qua
532 2772 576 2838 ad
598 2771 858 2855 cognoscendam
881 2778 913 2838 et
934 2771 1151 2854 detegendam
1166 2771 1277 2838 horum
1293 2791 1455 2840 commen-

311 2883 415 2942 torum
438 2875 594 2960 originem
616 2875 663 2940 uti
685 2875 771 2941 licet.
1554 2935 1555 2944 ,

398 2979 459 3057 Qui
487 2978 619 3044 tandem
646 2978 715 3044 fieri
738 2977 850 3062 potuit,
883 2984 916 3042 ut
939 2982 1006 3043 tam
1027 2977 1140 3063 inepta
1162 2983 1292 3061 tamque
1315 2977 1455 3046 incredi-

310 3081 389 3150 bilia
419 3083 459 3148 de
482 3081 697 3167 Aristophane
728 3082 963 3166 proderentur?
1007 3081 1227 3164 intelligemus
1249 3081 1320 3166 hoc,
1350 3082 1377 3148 si
1401 3103 1454 3148 eo·
1554 3095 1555 3176 l

311 3187 427 3253 micum
450 3193 580 3271 poetam
596 3181 844 3270 Aristophanem
865 3185 965 3250 fuisse
987 3184 1237 3269 recordabimur,
1262 3185 1316 3268 qui
1331 3191 1367 3250 nt
1381 3186 1454 3272 ipse
1554 3209 1555 3268 p

312 3292 393 3357 alios
416 3291 556 3356 comicos
578 3290 715 3355 ludibrio
738 3289 860 3372 habuit,
884 3289 930 3354 ita
953 3311 973 3354 a
996 3288 1101 3373 poetis
1117 3287 1251 3354 aemulis
1267 3289 1455 3357 etinimicis

312 3394 499 3480 perstrictus
523 3399 581 3477 est,
613 3393 688 3476 quin
712 3393 810 3458 etiam
833 3393 971 3458 omnium
994 3392 1062 3458 sine
1086 3392 1184 3459 dubio
1207 3393 1356 3477 maxime,
1381 3415 1455 3461 cum
1554 3377 1555 3442 i

313 3499 504 3565 comicorum
531 3498 681 3582 princeps
704 3517 825 3563 summa
847 3499 945 3563 lande
968 3497 1105 3563 floreret.
1145 3498 1183 3562 In
1206 3497 1340 3564 aliorum
1355 3499 1455 3584 igitur
1554 3527 1555 3562 ι

314 3603 488 3669 comoediis
506 3601 708 3684 grammatici
723 3602 803 3668 talia
819 3602 860 3668 de
875 3602 1091 3686 Aristophane
1106 3601 1263 3687 legerunt,
1287 3623 1366 3669 vera
1382 3624 1454 3671 esse

315 3706 529 3790 crediderunt,
552 3705 585 3769 in
607 3705 724 3771 libellis
747 3712 780 3770 et
802 3705 932 3771 scholiis
954 3705 1164 3773 tradiderunt.

400 3810 617 3894 Peregrinum,
651 3808 823 3895 Phrygem,
859 3811 996 3895 Lydum,
1030 3809 1283 3894 Paphlagonem,
1314 3810 1455 3895 denique

314 3936 440 3981 servum
455 3915 595 3998 aliquem
609 3933 737 3998 vocare,
762 3913 812 3978 cui
829 3913 1023 3980 maledicere
1039 3912 1237 3997 propositum
1252 3919 1331 3997 erat,
1347 3935 1454 3999 paene
1554 3907 1555 3990 f

314 4018 466 4084 sollemne
494 4016 554 4084 fuit
584 4017 727 4101 Athenis,
760 4023 795 4082 ut
822 4016 911 4101 apud
940 4017 1020 4082 alios
1048 4016 1185 4100 populos
1212 4016 1278 4082 alia
1307 4019 1456 4086 convicia

314 4122 433 4188 usitata
456 4127 537 4187 sunt.
568 4123 683 4204 Itaque
699 4121 947 4205 Aristophanem
969 4140 1095 4204 quoque
1119 4141 1140 4185 a
1163 4120 1292 4186 comicis
1307 4121 1454 4208 inimicis,
1554 4194 1555 4208 ,

316 4227 369 4308 qui
392 4225 481 4292 laudi
504 4225 690 4308 gloriaeque
715 4225 783 4290 eius
806 4225 1003 4310 invidebant,
1029 4223 1185 4291 eiusmodi
1209 4223 1361 4290 coanciis
1382 4247 1458 4293 con·

315 4332 438 4396 vulsum
467 4337 499 4396 et
529 4329 713 4413 sugillatum
741 4349 811 4395 esse
841 4350 918 4395 sane
942 4327 1111 4413 probabile
1135 4333 1198 4412 est,
1227 4349 1302 4394 nam
1325 4331 1455 4415 saepius
1554 4353 1555 4362 ¹

314 4434 394 4500 talia
417 4457 437 4500 a
459 4434 563 4520 poetis
592 4432 722 4502 comicis
744 4432 776 4498 in
799 4434 941 4499 aemulos
964 4431 1088 4499 iactata
1109 4451 1181 4498 esse
1204 4431 1394 4499 scholiastes
1411 4435 1454 4500 ad
1554 4485 1555 4512 ι
