3140 5266
554 400 765 464 ..19-

88 579 322 648 documentum
345 585 509 668 egregium
524 587 778 654 Achamensium
800 589 912 654 fabula
931 590 1076 673 praebet.
1107 591 1233 657 Eadem

89 682 136 747 de
167 705 284 752 caussa
312 688 352 754 de
381 708 416 754 se
444 689 572 773 suisque
599 692 695 757 rebus
722 691 782 757 nisi
809 691 842 756 in
871 692 917 758 eis
940 693 1123 778 comoediis,
1153 715 1232 778 quas

86 785 167 868 ipse
191 788 307 855 docere
330 789 391 856 sibi
414 801 634 878 proposuerat,
659 815 722 860 non
744 801 873 879 poterat
895 795 1044 863 fabulari.

182 893 358 976 Postquam
380 895 463 962 haec
484 897 517 961 in
540 897 720 963 universum
743 899 956 983 exposuimus,
986 900 1139 984 optimum
1162 921 1233 968 csse

88 995 173 1060 mihi
204 996 331 1062 videtur
352 998 495 1081 singulas
519 1000 672 1086 deinceps
696 1001 880 1068 comoedias
902 1023 1104 1088 percensere,
1132 1011 1167 1070 ut
1189 1005 1233 1071 vi-

90 1099 241 1183 deamus,
265 1099 342 1182 quid
359 1102 398 1167 dc
414 1103 660 1186 uniuscuiusque
677 1105 809 1172 fabulae
826 1106 1056 1191 commissione,
1081 1114 1234 1190 quantum

90 1204 227 1286 quidem
255 1206 299 1271 ad
327 1207 544 1274 Callistratum
571 1209 639 1275 sive
668 1209 711 1275 ad
733 1211 933 1278 Philonidem
963 1212 1134 1298 pertineat,
1166 1214 1234 1280 erui

91 1314 128 1373 et
153 1309 252 1376 statui
274 1309 384 1395 possit.

183 1413 323 1480 Primam
356 1415 495 1481 omnium
523 1416 747 1501 Aristophanis
775 1417 958 1484 fabularum
985 1419 1084 1486 fuisse
1113 1421 1234 1487 Daeta-

90 1517 204 1582 lenses
232 1519 284 1583 vel
307 1519 479 1604 Epulones,
508 1519 535 1584 si
563 1521 672 1604 placet
698 1528 834 1606 vertere,
862 1522 945 1589 inter
967 1543 1076 1590 omnes
1100 1531 1235 1591 constat.

90 1621 182 1685 Acta
205 1626 254 1686 est
277 1642 360 1688 anno
384 1624 423 1688 ol.
448 1625 499 1708 88,
525 1628 541 1690 1
566 1627 618 1690 vel
640 1625 702 1690 427
727 1645 756 1690 a.
774 1624 831 1690 Ch.
855 1647 885 1692 n.
903 1626 1043 1692 Diotimo
1064 1629 1234 1712 archonte3

91 1725 201 1790 Anon.
218 1727 291 1810 napi
308 1749 386 1808 κωμ.
403 1727 466 1792 lll:
491 1727 621 1804 ἐδίδαξε
638 1726 673 1790 δὲ
688 1734 818 1813 πρῶτος
833 1727 888 1792 ἐπὶ
904 1731 1061 1816 ἄρχοντος
1078 1736 1236 1815 Διοτίμου

94 1827 156 1890 διὰ
190 1827 441 1913 Καλλιστράτου.
496 1830 610 1913 Neque
647 1851 720 1896 vero
754 1830 907 1896 traditum
937 1839 994 1917 est,
1025 1833 1166 1900 Lenaeis
1194 1857 1237 1900 an

92 1931 263 2017 Dionysiis
284 1933 410 2017 magnis
434 1934 602 2000 commissa
625 1933 674 1999 sit.
705 1935 823 2000 Errant
846 1935 939 2020 enirn,
964 1936 1018 2018 qui
1041 1958 1082 2002 ex
1096 1939 1235 2004 Acham.

92 2056 143 2101 vs.
171 2037 270 2102 1155:

208 2145 242 2216 ὅς
264 2143 293 2222 γ’
318 2143 375 2228 (so.
392 2144 598 2228 Ἀντίμαχος)
622 2143 676 2226 ἐμὲ
698 2143 755 2209 τὸν
777 2143 922 2229 τλήμονα
937 2143 1067 2229 Λήναια
1089 2150 1237 2231 χορηγῶν

872 2248 1011 2311 ἀηδίαν
1034 2248 1194 2313 ἄδειπνον

93 2349 342 2416 Daetalensium
365 2351 508 2416 fabulam
527 2351 667 2418 Lenaeis
691 2350 915 2418 ascribendam
939 2371 1010 2418 esse
1034 2353 1236 2437 concludunt,

95 2473 172 2518 oum
195 2453 325 2519 chorum
347 2455 391 2520 ad
406 2455 540 2521 Lenaea
563 2455 638 2520 anni
660 2455 724 2520 426
748 2454 892 2521 alludere
916 2463 1165 2522 consentaneum
1179 2457 1237 2538 sit3

93 2579 174 2624 narn
196 2559 223 2623 si
245 2565 312 2624 toto
335 2559 464 2625 biennio
487 2566 562 2626 ante
586 2559 795 2624 Antimachus
818 2557 851 2624 id
875 2561 1092 2644 commisisset,
1117 2560 1236 2626 Aristo-

94 2663 224 2746 phanes
256 2663 341 2729 hanc
374 2684 450 2748 rem,
486 2683 568 2746 quae
597 2663 652 2729 diu
680 2664 900 2748 obsolevisset,
934 2685 997 2730 non
1019 2670 1237 2730 memorasset.

94 2769 276 2834 Praeterea
308 2768 500 2833 monendum
529 2774 578 2833 est
606 2768 737 2832 chorum
765 2789 829 2833 non
858 2769 898 2834 de
921 2767 1136 2852 Aristophane
1166 2787 1237 2852 pro-

93 2870 262 2955 nuntiare,
297 2892 392 2954 quem
424 2872 633 2938 Antimachus
667 2871 710 2936 ad
745 2892 859 2938 cenam
891 2893 955 2937 non
987 2871 1167 2938 vocaverit:
1203 2893 1237 2938 se

94 2973 213 3059 ipsum,
238 2995 309 3039 oum
331 2975 483 3059 proximis
498 2976 638 3041 Lcnaeis
655 2976 855 3042 comoediam
870 2976 990 3059 egisset
1005 2977 1114 3042 nescio
1124 2995 1237 3061 quam,

93 3079 183 3144 male
208 3079 374 3164 apparatis
397 3079 500 3164 epulis
524 3086 579 3146 aut
602 3101 665 3144 non
680 3100 809 3164 prorsus
832 3081 874 3146 ab
890 3080 1080 3146 Antimacho
1097 3080 1237 3164 ehorego

94 3181 269 3249 invitatum
292 3204 362 3250 esse
387 3184 598 3267 conqueritur.

187 3288 327 3352 Doctam
354 3307 424 3354 esse
448 3287 691 3354 Daetalensium
720 3286 919 3352 comoediam
941 3307 1000 3370 per
1022 3287 1239 3353 Callistratum

96 3391 166 3455 iam
190 3390 335 3457 diximus.
381 3390 424 3455 At
446 3399 527 3475 sunt,
557 3392 610 3474 qui
633 3390 793 3456 Philonidi
817 3413 888 3456 eam
911 3391 1053 3456 tribuant
1061 3393 1083 3474 ¹)
1106 3391 1156 3456 his
1179 3391 1239 3456 nisi

96 3493 298 3560 testimoniis.
320 3551 324 3560 .
344 3495 539 3561 Mentionem
568 3494 648 3560 facit
675 3493 906 3578 Aristophanes
933 3493 1056 3578 primae
1085 3513 1163 3559 suae
1192 3495 1239 3559 fa-

95 3599 198 3663 bulae
220 3599 303 3665 Nub.
320 3618 366 3664 vs.
383 3600 446 3664 528
461 3618 541 3682 sqq,
566 3618 644 3680 quos
667 3617 764 3681 supra
788 3597 1021 3681 exscripsimus
1052 3597 1166 3665 Notari
1188 3597 1238 3663 his

97 3701 248 3767 versibus
270 3703 485 3768 Daetalenses
515 3702 654 3768 affirmat
683 3701 882 3786 scholiastes,
918 3702 971 3784 qui
1001 3701 1168 3767 annotavit
1196 3701 1240 3767 ad

97 3825 147 3871 vs
173 3807 252 3870 531:
287 3816 367 3879 παῖς
395 3806 424 3868 δ’
448 3804 554 3890 ἑτέρας
592 3804 774 3888 Φιλωνίδης
802 3805 854 3867 καὶ
883 3804 1130 3890 Καλλίστρατος.
1168 3804 1239 3867 ἐπεὶ

99 3911 140 3974 οδ
172 3908 214 3971 δι’
238 3906 356 3972 ἑαυτοῦ
382 3908 513 3985 ἐδίδαξε
535 3909 610 3982 τοὺς
633 3908 816 3982 Δαιταλεϊς,
842 3912 973 3992 πρῶτον
995 3908 1097 3971 αὐτοῦ
1121 3907 1239 3991 δρᾶμα.

99 4011 198 4090 Quod
220 4033 292 4078 cum
313 4011 498 4078 Philonides
521 4019 559 4086 ,ct
583 4011 783 4078 Callistratus
814 4011 968 4076 hocloco
991 4008 1144 4074 nominati
1167 4010 1239 4094 sint,

98 4137 166 4181 non
188 4135 269 4181 unus
290 4115 501 4200 Callistratus,
525 4135 724 4198 consequens
747 4135 828 4198 esse,
852 4119 886 4178 ut
907 4113 1120 4178 Daetalenses
1135 4112 1240 4178 Philo·

98 4220 194 4286 nides
219 4219 372 4305 docuerit,
397 4240 469 4286 cum
490 4219 663 4304 Babylonii
686 4225 742 4284 aut
763 4218 989 4284 Acharnenscs
1012 4239 1032 4281 a
1055 4215 1240 4282 Callistrato
1346 4204 1349 4209 ’

174 4377 194 4446 ¹)
216 4376 374 4431 Fritzsche.
402 4377 519 4441 Quaest.
541 4375 632 4430 Arist.
655 4375 733 4444 Lips.
759 4375 834 4429 1835.
861 4380 930 4429 tom.
953 4373 976 4428 I.
1000 4391 1027 4442 p.
1046 4372 1105 4426 312.
1146 4371 1241 4426 Kook.

101 4464 148 4518 De
171 4462 247 4518 Phil.
271 4469 300 4518 et
324 4461 395 4518 Call.
417 4481 445 4532 p.
466 4464 505 4516 19.
547 4461 681 4515 Dindorf.
712 4467 790 4530 poet.
817 4477 911 4514 scaen.
937 4457 1039 4513 Graec.
1062 4456 1141 4526 Lips.
1166 4457 1241 4512 1869.

101 4569 129 4621 p.
152 4551 208 4605 18¹2.
245 4550 356 4604 Ranke.
384 4551 435 4605 vit.
454 4548 542 4603 Arist.
561 4565 609 4617 ap.
633 4547 718 4601 Mein.
737 4563 765 4616 p.
784 4545 850 4600 XX.
869 4545 926 4600 alii.

1000 4647 1032 4701 2*
