3140 5266
836 368 1028 432 ..4-

451 555 548 622 Plura
582 575 711 642 possum
734 555 859 640 aliene,
894 555 953 621 sed
979 555 1044 620 iam
1066 553 1228 620 sufiiciunt
1250 551 1405 636 exempla
1431 551 1521 616 setis

364 678 533 744 superque.
584 661 690 743 Atque
724 659 822 726 etiam
855 658 888 724 in
916 659 1013 724 Panis
1042 657 1224 724 didascalia
1252 657 1389 722 verbum
1423 655 1520 720 ὑπο-

363 763 533 850 κρίνεσθαι
560 763 601 830 de
628 769 737 830 aotore
760 761 898 847 positum
921 762 1081 849 videmus3
1103 782 1179 827 nam
1199 760 1246 826 ibi
1267 759 1349 826 forte
1375 759 1519 825 fortuna

363 867 446 933 haee
473 875 602 934 servata
632 875 718 934 sunt:
753 868 789 930 τὸ
818 866 854 930 δὲ
883 865 993 953 δρᾶμα
1018 866 1214 951 ὑπεκρίνατο
1237 863 1518 948 Ἀπολλόδωρος.

363 972 434 1036 Ηοο
466 991 528 1037 uno
562 972 709 1056 exemplo
744 969 883 1036 diluoide
917 972 1072 1054 probatur
1105 976 1138 1036 et
1171 969 1376 1034 confirmatur
1407 969 1517 1034 etiam

363 1073 589 1158 grammaticos
621 1073 857 1140 Alexandrinos
891 1072 1129 1159 ὑποκρίνεσθαι
1163 1079 1196 1138 et
1225 1070 1394 1136 διδάσκειν
1424 1073 1516 1138 bene

362 1178 556 1264 distinxisse,
579 1198 685 1261 neque
707 1177 820 1242 mirum
843 1183 901 1261 est,
926 1197 998 1242 eum
1020 1176 1053 1241 in
1069 1175 1257 1242 didasoaliis
1273 1177 1517 1260 componendis

362 1282 465 1348 secuti
488 1281 551 1347 sint
566 1282 681 1348 librum
696 1281 877 1347 Aristotelis
893 1280 934 1347 de
950 1279 1131 1347 actionibus
1147 1280 1314 1367 seriptum,
1337 1280 1515 1346 Aristoteli

362 1407 449 1472 vero,
474 1387 593 1473 qnippe
617 1387 671 1470 qui
693 1387 824 1452 saeoulo
847 1392 961 1469 quarto
983 1385 1122 1470 floreret,
1146 1405 1205 1451 sua
1228 1405 1269 1451 ex
1291 1384 1371 1469 ipsis
1394 1406 1516 1450 monn-

363 1491 479 1558 mentis
500 1491 684 1574 tabulisque
707 1491 844 1576 publicis
867 1491 995 1556 haurire
1018 1489 1140 1555 licitum
1163 1495 1243 1555 erat.

447 1597 561 1680 Neque
584 1596 681 1679 igitur
704 1596 748 1660 ad
770 1615 861 1661 suam
883 1593 1049 1660 libidinem
1071 1592 1273 1676 grammatici
1289 1593 1513 1658 Alexandrini

361 1700 456 1766 modo
484 1701 546 1766 hoo
573 1699 668 1764 modo
696 1699 750 1763 illo
779 1719 874 1764 sensu
896 1699 1048 1763 formulas
1071 1698 1209 1764 traditas
1231 1703 1416 1782 posuerunt,
1450 1697 1512 1762 sed

362 1825 404 1869 ex
430 1804 535 1870 alieno
564 1803 799 1886 quodammodo
827 1801 1006 1886 pendentes
1033 1800 1166 1867 arbitrio
1193 1801 1226 1865 in
1255 1819 1346 1866 suam
1374 1821 1511 1884 quaque

361 1907 554 1972 sententiam
581 1907 631 1972 usi
658 1913 741 1992 sunt,
775 1910 869 1990 prout
897 1905 1087 1971 Aristoteles
1116 1905 1371 1990 praescribebat,
1408 1925 1509 1987 quern

361 2010 485 2095 priseae
519 2017 552 2076 et
585 2011 742 2094 genuinas
776 2010 929 2075 formulas
958 2009 992 2073 in
1020 2009 1101 2076 libro
1131 2030 1188 2076 suo
1218 2009 1386 2075 retinuisse
1409 2029 1509 2074 nemo

361 2113 505 2196 negabit.
551 2115 665 2197 Itaque
688 2113 808 2179 Kookii
831 2113 1016 2178 oonieetura
1039 2133 1168 2197 prorsus
1189 2113 1355 2179 reicienda
1378 2118 1437 2178 est.

447 2218 490 2282 At
523 2223 652 2283 exstant
685 2217 741 2282 illa
775 2224 920 2284 veterum
953 2217 1145 2301 testimonia,
1181 2216 1296 2299 quibus
1328 2216 1509 2282 Koolriana

362 2320 522 2387 sententia
545 2321 650 2386 fuloiri
673 2321 799 2386 videtur
823 2326 855 2386 et
878 2321 1067 2404 confirmari,
1095 2319 1284 2404 praesertim
1308 2339 1380 2385 eum
1402 2321 1507 2385 sehol.

362 2423 406 2488 ad
420 2424 503 2491 Nub.
520 2443 566 2488 vs.
583 2424 643 2489 531
669 2423 786 2507 prodat
807 2431 922 2508 postea
937 2431 1104 2506 utrumque
1120 2423 1344 2508 Aristophanis
1359 2429 1508 2489 aetorem

362 2526 471 2610 fuisse,
495 2547 579 2610 quae
608 2532 640 2592 et
667 2526 739 2611 ipsa
761 2527 880 2592 Kookii
904 2533 953 2593 est
975 2527 1091 2612 opinio.
1137 2528 1231 2592 Lioet
1254 2534 1381 2593 exstent
1403 2533 1507 2610 atque

233 2648 235 2651 ’
362 2631 490 2696 obstent
511 2629 596 2696 haee
618 2635 761 2696 veterum
778 2630 970 2714 testimonia,
995 2630 1021 2694 si
1038 2630 1167 2712 quidem
1182 2630 1242 2695 hoe
1258 2629 1386 2695 nomine
1402 2630 1507 2713 digna
1547 2668 1548 2688 ι

361 2739 443 2815 sunt,
467 2753 525 2799 nos
547 2733 675 2799 minime
698 2735 931 2818 perturbamur.
966 2735 1049 2801 Nam
1072 2734 1207 2818 primum
1229 2734 1383 2799 maiorem
1404 2734 1505 2800 fidem

361 2835 517 2901 habemus
551 2836 738 2902 didascaliis
772 2837 882 2920 eisque
916 2838 1005 2921 loeis,
1041 2857 1120 2920 quos
1148 2838 1281 2903 haustos
1310 2857 1380 2903 esse
1409 2858 1427 2902 e
1456 2837 1504 2902 di·

361 2938 514 3005 dasealiis
555 2939 669 3024 liquet,
711 2962 781 3006 oum
826 2941 962 3025 preteeti
999 2941 1062 3006 sint
1099 2940 1143 3006 ad
1179 2962 1276 3006 unum
1312 2961 1422 3006 omnes
1460 2943 1503 3006 ab
1547 2937 1548 3006 l

360 3042 547 3124 Aristotele3
575 3063 680 3126 neque
708 3064 785 3108 vero
812 3044 948 3126 legimus
976 3044 1008 3108 in
1037 3045 1157 3110 talibus
1178 3043 1259 3125 loeis
1281 3043 1502 3108 Callistratum

319 3136 320 3141 ἵ
360 3153 417 3213 aut
438 3147 640 3214 Philonidem
661 3148 695 3212 in
718 3149 835 3214 fabulis
851 3149 1093 3233 Aristophaneis
1116 3149 1236 3234 primas
1257 3154 1367 3233 partes
1383 3148 1501 3231 egisse,

360 3250 419 3316 sed
452 3257 619 3335 utrumque
648 3252 872 3337 Aristophanis
906 3253 1089 3318 oomoedias
1119 3253 1235 3318 dooere
1263 3251 1389 3316 solitum
1418 3272 1500 3317 esse.

361 3355 444 3419 Turn
470 3375 546 3420 vero
570 3355 625 3420 illa
649 3355 832 3421 testimonia
855 3356 1010 3422 eiusmodi
1034 3363 1116 3440 sunt,
1146 3361 1180 3421 ut
1202 3357 1290 3422 nulla
1312 3355 1375 3420 fide
1400 3356 1501 3440 digna

361 3475 432 3523 esse
455 3455 586 3540 possint.
632 3458 717 3525 Nam
739 3457 825 3540 quod
847 3458 880 3522 in
902 3457 978 3523 Vita
1000 3457 1056 3522 illa
1078 3457 1151 3542 ipsa
1173 3457 1309 3524 formula
1333 3455 1502 3526 διδάσκειν
1547 3461 1548 3508 l

361 3559 419 3624 διά
440 3581 527 3634 τινος
549 3560 655 3645 posita
674 3558 737 3646 est,
762 3561 991 3644 oognosoimus,
1016 3582 1111 3644 quam
1133 3582 1197 3627 non
1212 3570 1417 3646 perspectam
1433 3586 1500 3630 rem

360 3663 497 3747 seriptor
511 3663 670 3748 habuerit,
687 3685 791 3746 neque
808 3685 869 3748 ego
883 3664 1011 3747 quidem
1024 3664 1145 3749 dubito,
1162 3665 1238 3748 quin
1250 3668 1498 3752 Byzantinorum

359 3765 469 3832 neseio
500 3766 570 3849 quis
601 3767 770 3832 homuncio
798 3788 815 3832 e
845 3767 1031 3834 didasealiis
1063 3775 1184 3835 temere
1211 3770 1294 3836 haee
1321 3773 1497 3856 collegerit,

361 3891 432 3936 oum
455 3869 543 3935 illam
565 3870 743 3955 formulam,
768 3869 845 3953 quid
868 3871 929 3937 sibi
951 3873 1049 3937 vellet
1073 3874 1169 3957 plane
1192 3873 1333 3958 ignarus,
1358 3875 1391 3939 in
1414 3876 1498 3942 hane

359 3973 476 4039 falsam
499 3975 691 4040 sententiam
713 3975 887 4059 aeeiperet.
920 3977 993 4043 Non
1015 3977 1174 4043 audaciae
1199 3997 1268 4044 esse
1290 3978 1378 4044 illum
1394 4001 1497 4063 gram

358 4076 511 4142 matieum
532 4077 692 4143 bominem
715 4085 782 4143 tam
804 4078 966 4144 indootum
989 4085 1103 4164 putare
1120 4086 1257 4165 apparet
1273 4103 1314 4147 ex
1332 4082 1388 4166 eis,
1413 4104 1496 4166 quae

358 4186 546 4263 sequuntur:
586 4180 642 4244 διὰ
674 4181 733 4263 μὲν
769 4181 953 4246 Φιλωνίδου
987 4183 1028 4245 τά
1063 4183 1220 4268 δημοτικά
1253 4193 1309 4268 (so.
1346 4185 1496 4272 δράματα

358 4283 593 4369 Ἀριστοφάνης
621 4283 815 4366 ἐδίδασκεν),
851 4285 908 4348 διὰ
937 4286 973 4349 δὲ
1000 4287 1240 4373 Καλλιστράτου
1269 4290 1310 4351 τά
1337 4289 1493 4367 ἶδιωτικά,

359 4408 442 4470 quae
471 4387 572 4452 verba
599 4387 758 4454 hominem
786 4389 981 4456 levissimum
1007 4397 1145 4474 arguunt
1174 4398 1206 4456 et
1234 4393 1491 4461 indoetissimum.

358 4490 562 4576 Quapropter
577 4511 640 4554 non
655 4491 770 4557 iniuste
784 4490 966 4558 Dindorfius
982 4493 1108 4560 videtur
1120 4494 1235 4580 egisse,
1253 4497 1306 4579 qui
1320 4504 1492 4565 extremam
